price,total,transaction_date,type,units_traded,timestamp,count
0,0,0,0,0,2023-05-09 00:00:00.343557,0
0,0,0,0,0,2023-05-09 00:00:02.345308,0
0,0,0,0,0,2023-05-09 00:00:03.346023,0
0,0,0,0,0,2023-05-09 00:00:04.346023,0
0,0,0,0,0,2023-05-09 00:00:05.346083,0
0,0,0,0,0,2023-05-09 00:00:06.346097,0
0,0,0,0,0,2023-05-09 00:00:07.346850,0
0,0,0,0,0,2023-05-09 00:00:08.347028,0
0,0,0,0,0,2023-05-09 00:00:09.347379,0
0,0,0,0,0,2023-05-09 00:00:11.348660,0
0,0,0,0,0,2023-05-09 00:00:12.348755,0
0,0,0,0,0,2023-05-09 00:00:13.349670,0
0,0,0,0,0,2023-05-09 00:00:14.349830,0
0,0,0,0,0,2023-05-09 00:00:15.350636,0
0,0,0,0,0,2023-05-09 00:00:17.351858,0
0,0,0,0,0,2023-05-09 00:00:19.352194,0
0,0,0,0,0,2023-05-09 00:00:20.352380,0
0,0,0,0,0,2023-05-09 00:00:21.352682,0
0,0,0,0,0,2023-05-09 00:00:22.352889,0
0,0,0,0,0,2023-05-09 00:00:23.352912,0
0,0,0,0,0,2023-05-09 00:00:24.353815,0
0,0,0,0,0,2023-05-09 00:00:25.354425,0
0,0,0,0,0,2023-05-09 00:00:26.355406,0
0,0,0,0,0,2023-05-09 00:00:27.356338,0
0,0,0,0,0,2023-05-09 00:00:29.356669,0
0,0,0,0,0,2023-05-09 00:00:30.357648,0
0,0,0,0,0,2023-05-09 00:00:31.358646,0
0,0,0,0,0,2023-05-09 00:00:32.358734,0
0,0,0,0,0,2023-05-09 00:00:33.358740,0
0,0,0,0,0,2023-05-09 00:00:34.358880,0
0,0,0,0,0,2023-05-09 00:00:35.359139,0
0,0,0,0,0,2023-05-09 00:00:36.359436,0
0,0,0,0,0,2023-05-09 00:00:37.360439,0
0,0,0,0,0,2023-05-09 00:00:38.360879,0
0,0,0,0,0,2023-05-09 00:00:41.361155,0
0,0,0,0,0,2023-05-09 00:00:42.362152,0
0,0,0,0,0,2023-05-09 00:00:44.363733,0
0,0,0,0,0,2023-05-09 00:00:45.364006,0
0,0,0,0,0,2023-05-09 00:00:46.364602,0
0,0,0,0,0,2023-05-09 00:00:48.366260,0
0,0,0,0,0,2023-05-09 00:00:49.366741,0
0,0,0,0,0,2023-05-09 00:00:51.368393,0
0,0,0,0,0,2023-05-09 00:00:52.369250,0
0,0,0,0,0,2023-05-09 00:00:53.369639,0
0,0,0,0,0,2023-05-09 00:00:55.370074,0
0,0,0,0,0,2023-05-09 00:00:56.370282,0
0,0,0,0,0,2023-05-09 00:00:57.370878,0
0,0,0,0,0,2023-05-09 00:00:58.371092,0
0,0,0,0,0,2023-05-09 00:00:59.371617,0
0,0,0,0,0,2023-05-09 00:01:00.371752,0
0,0,0,0,0,2023-05-09 00:01:01.371777,0
0,0,0,0,0,2023-05-09 00:01:02.371784,0
0,0,0,0,0,2023-05-09 00:01:03.371937,0
0,0,0,0,0,2023-05-09 00:01:04.372530,0
0,0,0,0,0,2023-05-09 00:01:05.372533,0
0,0,0,0,0,2023-05-09 00:01:06.372611,0
0,0,0,0,0,2023-05-09 00:01:07.372734,0
0,0,0,0,0,2023-05-09 00:01:09.372951,0
0,0,0,0,0,2023-05-09 00:01:10.372951,0
0,0,0,0,0,2023-05-09 00:01:11.373650,0
0,0,0,0,0,2023-05-09 00:01:13.374148,0
0,0,0,0,0,2023-05-09 00:01:14.374319,0
0,0,0,0,0,2023-05-09 00:01:17.375822,0
0,0,0,0,0,2023-05-09 00:01:20.377804,0
0,0,0,0,0,2023-05-09 00:01:21.378378,0
0,0,0,0,0,2023-05-09 00:01:22.378991,0
0,0,0,0,0,2023-05-09 00:01:24.380423,0
0,0,0,0,0,2023-05-09 00:01:25.380655,0
0,0,0,0,0,2023-05-09 00:01:28.382260,0
0,0,0,0,0,2023-05-09 00:01:29.382910,0
0,0,0,0,0,2023-05-09 00:01:31.383570,0
0,0,0,0,0,2023-05-09 00:01:34.385892,0
0,0,0,0,0,2023-05-09 00:01:35.385898,0
0,0,0,0,0,2023-05-09 00:01:36.386332,0
0,0,0,0,0,2023-05-09 00:01:37.387251,0
0,0,0,0,0,2023-05-09 00:01:38.387710,0
0,0,0,0,0,2023-05-09 00:01:39.388205,0
0,0,0,0,0,2023-05-09 00:01:40.388859,0
0,0,0,0,0,2023-05-09 00:01:41.389367,0
0,0,0,0,0,2023-05-09 00:01:44.390763,0
0,0,0,0,0,2023-05-09 00:01:45.391500,0
0,0,0,0,0,2023-05-09 00:01:47.392048,0
0,0,0,0,0,2023-05-09 00:01:49.393077,0
0,0,0,0,0,2023-05-09 00:01:50.393587,0
0,0,0,0,0,2023-05-09 00:01:51.394011,0
0,0,0,0,0,2023-05-09 00:01:53.394863,0
0,0,0,0,0,2023-05-09 00:01:54.394867,0
0,0,0,0,0,2023-05-09 00:01:55.395519,0
0,0,0,0,0,2023-05-09 00:01:56.395872,0
0,0,0,0,0,2023-05-09 00:01:57.396674,0
0,0,0,0,0,2023-05-09 00:01:58.397599,0
0,0,0,0,0,2023-05-09 00:01:59.397924,0
0,0,0,0,0,2023-05-09 00:02:01.399439,0
0,0,0,0,0,2023-05-09 00:02:03.399868,0
0,0,0,0,0,2023-05-09 00:02:05.400712,0
0,0,0,0,0,2023-05-09 00:02:06.400779,0
0,0,0,0,0,2023-05-09 00:02:07.401714,0
0,0,0,0,0,2023-05-09 00:02:08.401931,0
0,0,0,0,0,2023-05-09 00:02:09.402410,0
0,0,0,0,0,2023-05-09 00:02:10.402523,0
0,0,0,0,0,2023-05-09 00:02:12.403347,0
0,0,0,0,0,2023-05-09 00:02:13.403483,0
0,0,0,0,0,2023-05-09 00:02:15.404551,0
0,0,0,0,0,2023-05-09 00:02:17.404601,0
0,0,0,0,0,2023-05-09 00:02:19.405379,0
0,0,0,0,0,2023-05-09 00:02:20.405440,0
0,0,0,0,0,2023-05-09 00:02:21.405635,0
0,0,0,0,0,2023-05-09 00:02:24.407395,0
0,0,0,0,0,2023-05-09 00:02:25.408339,0
0,0,0,0,0,2023-05-09 00:02:26.408357,0
0,0,0,0,0,2023-05-09 00:02:28.408624,0
0,0,0,0,0,2023-05-09 00:02:31.410330,0
0,0,0,0,0,2023-05-09 00:02:32.411365,0
0,0,0,0,0,2023-05-09 00:02:33.411840,0
0,0,0,0,0,2023-05-09 00:02:34.411845,0
0,0,0,0,0,2023-05-09 00:02:35.412282,0
0,0,0,0,0,2023-05-09 00:02:36.413219,0
0,0,0,0,0,2023-05-09 00:02:37.413398,0
0,0,0,0,0,2023-05-09 00:02:38.413889,0
0,0,0,0,0,2023-05-09 00:02:39.414011,0
0,0,0,0,0,2023-05-09 00:02:40.414932,0
0,0,0,0,0,2023-05-09 00:02:41.415901,0
0,0,0,0,0,2023-05-09 00:02:42.416431,0
0,0,0,0,0,2023-05-09 00:02:43.416675,0
0,0,0,0,0,2023-05-09 00:02:44.416918,0
0,0,0,0,0,2023-05-09 00:02:45.417224,0
0,0,0,0,0,2023-05-09 00:02:46.418229,0
0,0,0,0,0,2023-05-09 00:02:47.419138,0
0,0,0,0,0,2023-05-09 00:02:48.419293,0
0,0,0,0,0,2023-05-09 00:02:49.419888,0
0,0,0,0,0,2023-05-09 00:02:50.420806,0
0,0,0,0,0,2023-05-09 00:02:51.421763,0
0,0,0,0,0,2023-05-09 00:02:52.421793,0
0,0,0,0,0,2023-05-09 00:02:53.422790,0
0,0,0,0,0,2023-05-09 00:02:54.423787,0
0,0,0,0,0,2023-05-09 00:02:55.423787,0
0,0,0,0,0,2023-05-09 00:02:56.423787,0
0,0,0,0,0,2023-05-09 00:02:57.423948,0
0,0,0,0,0,2023-05-09 00:02:58.424922,0
0,0,0,0,0,2023-05-09 00:03:00.425937,0
0,0,0,0,0,2023-05-09 00:03:01.426547,0
0,0,0,0,0,2023-05-09 00:03:02.426812,0
0,0,0,0,0,2023-05-09 00:03:03.427382,0
0,0,0,0,0,2023-05-09 00:03:04.427668,0
0,0,0,0,0,2023-05-09 00:03:05.428115,0
0,0,0,0,0,2023-05-09 00:03:06.428632,0
0,0,0,0,0,2023-05-09 00:03:07.429553,0
0,0,0,0,0,2023-05-09 00:03:08.430250,0
0,0,0,0,0,2023-05-09 00:03:09.431348,0
0,0,0,0,0,2023-05-09 00:03:10.431471,0
0,0,0,0,0,2023-05-09 00:03:11.432460,0
0,0,0,0,0,2023-05-09 00:03:12.432737,0
0,0,0,0,0,2023-05-09 00:03:13.433739,0
0,0,0,0,0,2023-05-09 00:03:14.434659,0
0,0,0,0,0,2023-05-09 00:03:15.435237,0
0,0,0,0,0,2023-05-09 00:03:16.435523,0
0,0,0,0,0,2023-05-09 00:03:17.435599,0
0,0,0,0,0,2023-05-09 00:03:18.436517,0
0,0,0,0,0,2023-05-09 00:03:19.436714,0
0,0,0,0,0,2023-05-09 00:03:20.437628,0
0,0,0,0,0,2023-05-09 00:03:21.437713,0
0,0,0,0,0,2023-05-09 00:03:22.438230,0
0,0,0,0,0,2023-05-09 00:03:23.438774,0
0,0,0,0,0,2023-05-09 00:03:24.439697,0
0,0,0,0,0,2023-05-09 00:03:25.440333,0
0,0,0,0,0,2023-05-09 00:03:26.440340,0
0,0,0,0,0,2023-05-09 00:03:27.441325,0
0,0,0,0,0,2023-05-09 00:03:28.441979,0
0,0,0,0,0,2023-05-09 00:03:29.441979,0
0,0,0,0,0,2023-05-09 00:03:30.441981,0
0,0,0,0,0,2023-05-09 00:03:31.442228,0
0,0,0,0,0,2023-05-09 00:03:35.443510,0
0,0,0,0,0,2023-05-09 00:03:48.450810,0
0,0,0,0,0,2023-05-09 00:03:49.450988,0
0,0,0,0,0,2023-05-09 00:03:50.451141,0
0,0,0,0,0,2023-05-09 00:03:51.451901,0
0,0,0,0,0,2023-05-09 00:03:52.452433,0
0,0,0,0,0,2023-05-09 00:03:53.452927,0
0,0,0,0,0,2023-05-09 00:03:54.453553,0
0,0,0,0,0,2023-05-09 00:03:55.454417,0
0,0,0,0,0,2023-05-09 00:03:56.455194,0
0,0,0,0,0,2023-05-09 00:03:57.455883,0
0,0,0,0,0,2023-05-09 00:03:58.456104,0
0,0,0,0,0,2023-05-09 00:03:59.456715,0
0,0,0,0,0,2023-05-09 00:04:01.457683,0
0,0,0,0,0,2023-05-09 00:04:02.457927,0
0,0,0,0,0,2023-05-09 00:04:03.458880,0
0,0,0,0,0,2023-05-09 00:04:05.460176,0
0,0,0,0,0,2023-05-09 00:04:07.461276,0
0,0,0,0,0,2023-05-09 00:04:08.461976,0
0,0,0,0,0,2023-05-09 00:04:10.462900,0
0,0,0,0,0,2023-05-09 00:04:11.463651,0
0,0,0,0,0,2023-05-09 00:04:12.464393,0
0,0,0,0,0,2023-05-09 00:04:13.464992,0
0,0,0,0,0,2023-05-09 00:04:14.465012,0
0,0,0,0,0,2023-05-09 00:04:15.465763,0
0,0,0,0,0,2023-05-09 00:04:16.466800,0
0,0,0,0,0,2023-05-09 00:04:17.467312,0
0,0,0,0,0,2023-05-09 00:04:19.468176,0
0,0,0,0,0,2023-05-09 00:04:21.468866,0
0,0,0,0,0,2023-05-09 00:04:23.470345,0
0,0,0,0,0,2023-05-09 00:04:24.470441,0
0,0,0,0,0,2023-05-09 00:04:26.470972,0
0,0,0,0,0,2023-05-09 00:04:30.473061,0
0,0,0,0,0,2023-05-09 00:04:32.474999,0
0,0,0,0,0,2023-05-09 00:04:33.475927,0
0,0,0,0,0,2023-05-09 00:04:34.476907,0
0,0,0,0,0,2023-05-09 00:04:35.477779,0
0,0,0,0,0,2023-05-09 00:04:36.478733,0
0,0,0,0,0,2023-05-09 00:04:37.479251,0
0,0,0,0,0,2023-05-09 00:04:40.480720,0
0,0,0,0,0,2023-05-09 00:04:42.481822,0
0,0,0,0,0,2023-05-09 00:04:46.484101,0
0,0,0,0,0,2023-05-09 00:04:52.487584,0
0,0,0,0,0,2023-05-09 00:04:53.488052,0
0,0,0,0,0,2023-05-09 00:04:56.489632,0
0,0,0,0,0,2023-05-09 00:04:59.490917,0
0,0,0,0,0,2023-05-09 00:05:00.491600,0
0,0,0,0,0,2023-05-09 00:05:02.493301,0
0,0,0,0,0,2023-05-09 00:05:04.494192,0
0,0,0,0,0,2023-05-09 00:05:05.494545,0
0,0,0,0,0,2023-05-09 00:05:06.494670,0
0,0,0,0,0,2023-05-09 00:05:08.495946,0
0,0,0,0,0,2023-05-09 00:05:09.496604,0
0,0,0,0,0,2023-05-09 00:05:10.497476,0
0,0,0,0,0,2023-05-09 00:05:11.498227,0
0,0,0,0,0,2023-05-09 00:05:14.498744,0
0,0,0,0,0,2023-05-09 00:05:15.499718,0
0,0,0,0,0,2023-05-09 00:05:16.499953,0
0,0,0,0,0,2023-05-09 00:05:18.501561,0
0,0,0,0,0,2023-05-09 00:05:20.502716,0
0,0,0,0,0,2023-05-09 00:05:22.504029,0
0,0,0,0,0,2023-05-09 00:05:23.504576,0
0,0,0,0,0,2023-05-09 00:05:25.504840,0
0,0,0,0,0,2023-05-09 00:05:26.505778,0
0,0,0,0,0,2023-05-09 00:05:27.506571,0
0,0,0,0,0,2023-05-09 00:05:28.506837,0
0,0,0,0,0,2023-05-09 00:05:30.507755,0
0,0,0,0,0,2023-05-09 00:05:32.508941,0
0,0,0,0,0,2023-05-09 00:05:35.510832,0
0,0,0,0,0,2023-05-09 00:05:36.511720,0
0,0,0,0,0,2023-05-09 00:05:37.512213,0
0,0,0,0,0,2023-05-09 00:05:38.512311,0
0,0,0,0,0,2023-05-09 00:05:40.513430,0
0,0,0,0,0,2023-05-09 00:05:42.514697,0
0,0,0,0,0,2023-05-09 00:05:44.515628,0
0,0,0,0,0,2023-05-09 00:05:45.516382,0
0,0,0,0,0,2023-05-09 00:05:46.516526,0
0,0,0,0,0,2023-05-09 00:05:47.516676,0
0,0,0,0,0,2023-05-09 00:05:48.517923,0
0,0,0,0,0,2023-05-09 00:05:49.518483,0
0,0,0,0,0,2023-05-09 00:05:51.520385,0
0,0,0,0,0,2023-05-09 00:05:52.521241,0
0,0,0,0,0,2023-05-09 00:05:53.521279,0
0,0,0,0,0,2023-05-09 00:05:54.521623,0
0,0,0,0,0,2023-05-09 00:05:58.523566,0
0,0,0,0,0,2023-05-09 00:05:59.523885,0
0,0,0,0,0,2023-05-09 00:06:00.524150,0
0,0,0,0,0,2023-05-09 00:06:01.524331,0
0,0,0,0,0,2023-05-09 00:06:02.524331,0
0,0,0,0,0,2023-05-09 00:06:03.524575,0
0,0,0,0,0,2023-05-09 00:06:04.524851,0
0,0,0,0,0,2023-05-09 00:06:06.525337,0
0,0,0,0,0,2023-05-09 00:06:08.526820,0
0,0,0,0,0,2023-05-09 00:06:09.527808,0
0,0,0,0,0,2023-05-09 00:06:10.527893,0
0,0,0,0,0,2023-05-09 00:06:12.528012,0
0,0,0,0,0,2023-05-09 00:06:13.528939,0
0,0,0,0,0,2023-05-09 00:06:15.530493,0
0,0,0,0,0,2023-05-09 00:06:17.531092,0
0,0,0,0,0,2023-05-09 00:06:18.532090,0
0,0,0,0,0,2023-05-09 00:06:19.532984,0
0,0,0,0,0,2023-05-09 00:06:20.533009,0
0,0,0,0,0,2023-05-09 00:06:22.533455,0
0,0,0,0,0,2023-05-09 00:06:23.533972,0
0,0,0,0,0,2023-05-09 00:06:25.534310,0
0,0,0,0,0,2023-05-09 00:06:26.534370,0
0,0,0,0,0,2023-05-09 00:06:27.534551,0
0,0,0,0,0,2023-05-09 00:06:28.535109,0
0,0,0,0,0,2023-05-09 00:06:29.536003,0
0,0,0,0,0,2023-05-09 00:06:30.536472,0
0,0,0,0,0,2023-05-09 00:06:31.536553,0
0,0,0,0,0,2023-05-09 00:06:32.536904,0
0,0,0,0,0,2023-05-09 00:06:33.536904,0
0,0,0,0,0,2023-05-09 00:06:35.537078,0
0,0,0,0,0,2023-05-09 00:06:36.537407,0
0,0,0,0,0,2023-05-09 00:06:37.537732,0
0,0,0,0,0,2023-05-09 00:06:38.537735,0
0,0,0,0,0,2023-05-09 00:06:39.538083,0
0,0,0,0,0,2023-05-09 00:06:40.538577,0
0,0,0,0,0,2023-05-09 00:06:41.538829,0
0,0,0,0,0,2023-05-09 00:06:42.539264,0
0,0,0,0,0,2023-05-09 00:06:43.539618,0
0,0,0,0,0,2023-05-09 00:06:45.540718,0
0,0,0,0,0,2023-05-09 00:06:46.541074,0
0,0,0,0,0,2023-05-09 00:06:49.542499,0
0,0,0,0,0,2023-05-09 00:06:50.543498,0
0,0,0,0,0,2023-05-09 00:06:51.543584,0
0,0,0,0,0,2023-05-09 00:06:52.543586,0
0,0,0,0,0,2023-05-09 00:06:53.543712,0
0,0,0,0,0,2023-05-09 00:06:54.544633,0
0,0,0,0,0,2023-05-09 00:06:55.545539,0
0,0,0,0,0,2023-05-09 00:06:56.545540,0
0,0,0,0,0,2023-05-09 00:06:57.546123,0
0,0,0,0,0,2023-05-09 00:06:58.546762,0
0,0,0,0,0,2023-05-09 00:06:59.546894,0
0,0,0,0,0,2023-05-09 00:07:00.547863,0
0,0,0,0,0,2023-05-09 00:07:01.548801,0
0,0,0,0,0,2023-05-09 00:07:02.549517,0
0,0,0,0,0,2023-05-09 00:07:03.550476,0
0,0,0,0,0,2023-05-09 00:07:04.550991,0
0,0,0,0,0,2023-05-09 00:07:05.551196,0
0,0,0,0,0,2023-05-09 00:07:06.551658,0
0,0,0,0,0,2023-05-09 00:07:07.552168,0
0,0,0,0,0,2023-05-09 00:07:08.552521,0
0,0,0,0,0,2023-05-09 00:07:09.552564,0
0,0,0,0,0,2023-05-09 00:07:10.552986,0
0,0,0,0,0,2023-05-09 00:07:11.553240,0
0,0,0,0,0,2023-05-09 00:07:12.553566,0
0,0,0,0,0,2023-05-09 00:07:13.554175,0
0,0,0,0,0,2023-05-09 00:07:14.555083,0
0,0,0,0,0,2023-05-09 00:07:15.555359,0
0,0,0,0,0,2023-05-09 00:07:16.556356,0
0,0,0,0,0,2023-05-09 00:07:18.556539,0
0,0,0,0,0,2023-05-09 00:07:20.557432,0
0,0,0,0,0,2023-05-09 00:07:21.557722,0
0,0,0,0,0,2023-05-09 00:07:22.557756,0
0,0,0,0,0,2023-05-09 00:07:23.557827,0
0,0,0,0,0,2023-05-09 00:07:24.558401,0
0,0,0,0,0,2023-05-09 00:07:26.559744,0
0,0,0,0,0,2023-05-09 00:07:27.559746,0
0,0,0,0,0,2023-05-09 00:07:28.560749,0
0,0,0,0,0,2023-05-09 00:07:29.560938,0
0,0,0,0,0,2023-05-09 00:07:30.561611,0
0,0,0,0,0,2023-05-09 00:07:31.561915,0
0,0,0,0,0,2023-05-09 00:07:32.561974,0
0,0,0,0,0,2023-05-09 00:07:33.562054,0
0,0,0,0,0,2023-05-09 00:07:34.563006,0
0,0,0,0,0,2023-05-09 00:07:35.563537,0
0,0,0,0,0,2023-05-09 00:07:36.564445,0
0,0,0,0,0,2023-05-09 00:07:37.565184,0
0,0,0,0,0,2023-05-09 00:07:39.566622,0
0,0,0,0,0,2023-05-09 00:07:40.567609,0
0,0,0,0,0,2023-05-09 00:07:41.567699,0
0,0,0,0,0,2023-05-09 00:07:42.568621,0
0,0,0,0,0,2023-05-09 00:07:43.569629,0
0,0,0,0,0,2023-05-09 00:07:44.570379,0
0,0,0,0,0,2023-05-09 00:07:45.570388,0
0,0,0,0,0,2023-05-09 00:07:46.570461,0
0,0,0,0,0,2023-05-09 00:07:48.571673,0
0,0,0,0,0,2023-05-09 00:07:49.572659,0
0,0,0,0,0,2023-05-09 00:07:50.573166,0
0,0,0,0,0,2023-05-09 00:07:51.574060,0
0,0,0,0,0,2023-05-09 00:07:52.574459,0
0,0,0,0,0,2023-05-09 00:07:53.574889,0
0,0,0,0,0,2023-05-09 00:07:54.575858,0
0,0,0,0,0,2023-05-09 00:07:55.576797,0
0,0,0,0,0,2023-05-09 00:07:56.577127,0
0,0,0,0,0,2023-05-09 00:07:57.577649,0
0,0,0,0,0,2023-05-09 00:07:58.578270,0
0,0,0,0,0,2023-05-09 00:07:59.578298,0
0,0,0,0,0,2023-05-09 00:08:00.578771,0
0,0,0,0,0,2023-05-09 00:08:01.579534,0
0,0,0,0,0,2023-05-09 00:08:02.580198,0
0,0,0,0,0,2023-05-09 00:08:03.580254,0
0,0,0,0,0,2023-05-09 00:08:04.580255,0
0,0,0,0,0,2023-05-09 00:08:05.580684,0
0,0,0,0,0,2023-05-09 00:08:09.611991,0
0,0,0,0,0,2023-05-09 00:08:10.612115,0
0,0,0,0,0,2023-05-09 00:08:11.612562,0
0,0,0,0,0,2023-05-09 00:08:12.613076,0
0,0,0,0,0,2023-05-09 00:08:14.614722,0
0,0,0,0,0,2023-05-09 00:08:16.615066,0
0,0,0,0,0,2023-05-09 00:08:17.615678,0
0,0,0,0,0,2023-05-09 00:08:20.617900,0
0,0,0,0,0,2023-05-09 00:08:21.618251,0
0,0,0,0,0,2023-05-09 00:08:30.623446,0
0,0,0,0,0,2023-05-09 00:08:32.624145,0
0,0,0,0,0,2023-05-09 00:08:33.624966,0
0,0,0,0,0,2023-05-09 00:08:34.625424,0
0,0,0,0,0,2023-05-09 00:08:35.626243,0
0,0,0,0,0,2023-05-09 00:08:36.626524,0
0,0,0,0,0,2023-05-09 00:08:37.627346,0
0,0,0,0,0,2023-05-09 00:08:38.628353,0
0,0,0,0,0,2023-05-09 00:08:39.628480,0
0,0,0,0,0,2023-05-09 00:08:40.629471,0
0,0,0,0,0,2023-05-09 00:08:41.629855,0
0,0,0,0,0,2023-05-09 00:08:42.629963,0
0,0,0,0,0,2023-05-09 00:08:43.630479,0
0,0,0,0,0,2023-05-09 00:08:44.631026,0
0,0,0,0,0,2023-05-09 00:08:45.631926,0
0,0,0,0,0,2023-05-09 00:08:46.632004,0
0,0,0,0,0,2023-05-09 00:08:48.632352,0
0,0,0,0,0,2023-05-09 00:08:49.633348,0
0,0,0,0,0,2023-05-09 00:08:50.633599,0
0,0,0,0,0,2023-05-09 00:08:51.634086,0
0,0,0,0,0,2023-05-09 00:08:52.635017,0
0,0,0,0,0,2023-05-09 00:08:53.635018,0
0,0,0,0,0,2023-05-09 00:08:54.635029,0
0,0,0,0,0,2023-05-09 00:08:55.635094,0
0,0,0,0,0,2023-05-09 00:08:56.635283,0
0,0,0,0,0,2023-05-09 00:08:57.635501,0
0,0,0,0,0,2023-05-09 00:08:58.635510,0
0,0,0,0,0,2023-05-09 00:08:59.635588,0
0,0,0,0,0,2023-05-09 00:09:00.636511,0
0,0,0,0,0,2023-05-09 00:09:01.637127,0
0,0,0,0,0,2023-05-09 00:09:02.637632,0
0,0,0,0,0,2023-05-09 00:09:03.637640,0
0,0,0,0,0,2023-05-09 00:09:04.638230,0
0,0,0,0,0,2023-05-09 00:09:05.638310,0
0,0,0,0,0,2023-05-09 00:09:06.639222,0
0,0,0,0,0,2023-05-09 00:09:11.642249,0
0,0,0,0,0,2023-05-09 00:09:12.642358,0
0,0,0,0,0,2023-05-09 00:09:13.643353,0
0,0,0,0,0,2023-05-09 00:09:14.643934,0
0,0,0,0,0,2023-05-09 00:09:15.644380,0
0,0,0,0,0,2023-05-09 00:09:16.645298,0
0,0,0,0,0,2023-05-09 00:09:17.645670,0
0,0,0,0,0,2023-05-09 00:09:18.646051,0
0,0,0,0,0,2023-05-09 00:09:19.646238,0
0,0,0,0,0,2023-05-09 00:09:20.647158,0
0,0,0,0,0,2023-05-09 00:09:21.647244,0
0,0,0,0,0,2023-05-09 00:09:22.648222,0
0,0,0,0,0,2023-05-09 00:09:23.648313,0
0,0,0,0,0,2023-05-09 00:09:24.649230,0
0,0,0,0,0,2023-05-09 00:09:25.649310,0
0,0,0,0,0,2023-05-09 00:09:26.650234,0
0,0,0,0,0,2023-05-09 00:09:27.650322,0
0,0,0,0,0,2023-05-09 00:09:28.650431,0
0,0,0,0,0,2023-05-09 00:09:29.650789,0
0,0,0,0,0,2023-05-09 00:09:30.650798,0
0,0,0,0,0,2023-05-09 00:09:31.651704,0
0,0,0,0,0,2023-05-09 00:09:32.652595,0
0,0,0,0,0,2023-05-09 00:09:33.652783,0
0,0,0,0,0,2023-05-09 00:09:34.652784,0
0,0,0,0,0,2023-05-09 00:09:35.653449,0
0,0,0,0,0,2023-05-09 00:09:36.653533,0
0,0,0,0,0,2023-05-09 00:09:37.654384,0
0,0,0,0,0,2023-05-09 00:09:38.654386,0
0,0,0,0,0,2023-05-09 00:09:39.655361,0
0,0,0,0,0,2023-05-09 00:09:40.656043,0
0,0,0,0,0,2023-05-09 00:09:41.656541,0
0,0,0,0,0,2023-05-09 00:09:42.657301,0
0,0,0,0,0,2023-05-09 00:09:44.658296,0
0,0,0,0,0,2023-05-09 00:09:45.658514,0
0,0,0,0,0,2023-05-09 00:09:46.659434,0
0,0,0,0,0,2023-05-09 00:09:47.659743,0
0,0,0,0,0,2023-05-09 00:09:48.660679,0
0,0,0,0,0,2023-05-09 00:09:49.660694,0
0,0,0,0,0,2023-05-09 00:09:50.660920,0
0,0,0,0,0,2023-05-09 00:09:51.661692,0
0,0,0,0,0,2023-05-09 00:09:52.662310,0
0,0,0,0,0,2023-05-09 00:09:53.662329,0
0,0,0,0,0,2023-05-09 00:09:54.663193,0
0,0,0,0,0,2023-05-09 00:09:55.663835,0
0,0,0,0,0,2023-05-09 00:09:56.664533,0
0,0,0,0,0,2023-05-09 00:09:57.665068,0
0,0,0,0,0,2023-05-09 00:09:58.665408,0
0,0,0,0,0,2023-05-09 00:09:59.666182,0
0,0,0,0,0,2023-05-09 00:10:00.667166,0
0,0,0,0,0,2023-05-09 00:10:01.667177,0
0,0,0,0,0,2023-05-09 00:10:02.667332,0
0,0,0,0,0,2023-05-09 00:10:04.667861,0
0,0,0,0,0,2023-05-09 00:10:05.668764,0
0,0,0,0,0,2023-05-09 00:10:06.668774,0
0,0,0,0,0,2023-05-09 00:10:07.669475,0
0,0,0,0,0,2023-05-09 00:10:09.669827,0
0,0,0,0,0,2023-05-09 00:10:10.670543,0
0,0,0,0,0,2023-05-09 00:10:11.670566,0
0,0,0,0,0,2023-05-09 00:10:12.670642,0
0,0,0,0,0,2023-05-09 00:10:14.671661,0
0,0,0,0,0,2023-05-09 00:10:15.671817,0
0,0,0,0,0,2023-05-09 00:10:16.671864,0
0,0,0,0,0,2023-05-09 00:10:17.671915,0
0,0,0,0,0,2023-05-09 00:10:21.673369,0
0,0,0,0,0,2023-05-09 00:10:24.675019,0
0,0,0,0,0,2023-05-09 00:10:27.676488,0
0,0,0,0,0,2023-05-09 00:10:28.676568,0
0,0,0,0,0,2023-05-09 00:10:30.677757,0
0,0,0,0,0,2023-05-09 00:10:32.678839,0
0,0,0,0,0,2023-05-09 00:10:33.679756,0
0,0,0,0,0,2023-05-09 00:10:34.680358,0
0,0,0,0,0,2023-05-09 00:10:35.680360,0
0,0,0,0,0,2023-05-09 00:10:36.681359,0
0,0,0,0,0,2023-05-09 00:10:37.682299,0
0,0,0,0,0,2023-05-09 00:10:38.682382,0
0,0,0,0,0,2023-05-09 00:10:41.684417,0
0,0,0,0,0,2023-05-09 00:10:42.684712,0
0,0,0,0,0,2023-05-09 00:10:43.684823,0
0,0,0,0,0,2023-05-09 00:10:44.685819,0
0,0,0,0,0,2023-05-09 00:10:45.686357,0
0,0,0,0,0,2023-05-09 00:10:46.686968,0
0,0,0,0,0,2023-05-09 00:10:47.687490,0
0,0,0,0,0,2023-05-09 00:10:48.688408,0
0,0,0,0,0,2023-05-09 00:10:51.690166,0
0,0,0,0,0,2023-05-09 00:10:53.690404,0
0,0,0,0,0,2023-05-09 00:10:54.690607,0
0,0,0,0,0,2023-05-09 00:10:55.691524,0
0,0,0,0,0,2023-05-09 00:10:56.691611,0
0,0,0,0,0,2023-05-09 00:10:57.692340,0
0,0,0,0,0,2023-05-09 00:10:58.693263,0
0,0,0,0,0,2023-05-09 00:10:59.693360,0
0,0,0,0,0,2023-05-09 00:11:00.693972,0
0,0,0,0,0,2023-05-09 00:11:01.694051,0
0,0,0,0,0,2023-05-09 00:11:02.694576,0
0,0,0,0,0,2023-05-09 00:11:03.694768,0
0,0,0,0,0,2023-05-09 00:11:04.695753,0
0,0,0,0,0,2023-05-09 00:11:05.695759,0
0,0,0,0,0,2023-05-09 00:11:06.696323,0
0,0,0,0,0,2023-05-09 00:11:07.696592,0
0,0,0,0,0,2023-05-09 00:11:08.697279,0
0,0,0,0,0,2023-05-09 00:11:09.698275,0
0,0,0,0,0,2023-05-09 00:11:10.698834,0
0,0,0,0,0,2023-05-09 00:11:11.698860,0
0,0,0,0,0,2023-05-09 00:11:12.698980,0
0,0,0,0,0,2023-05-09 00:11:13.699160,0
0,0,0,0,0,2023-05-09 00:11:14.699603,0
0,0,0,0,0,2023-05-09 00:11:15.699611,0
0,0,0,0,0,2023-05-09 00:11:16.700288,0
0,0,0,0,0,2023-05-09 00:11:18.701322,0
0,0,0,0,0,2023-05-09 00:11:19.702231,0
0,0,0,0,0,2023-05-09 00:11:21.702460,0
0,0,0,0,0,2023-05-09 00:11:22.703473,0
0,0,0,0,0,2023-05-09 00:11:23.704257,0
0,0,0,0,0,2023-05-09 00:11:24.705242,0
0,0,0,0,0,2023-05-09 00:11:25.706160,0
0,0,0,0,0,2023-05-09 00:11:26.706161,0
0,0,0,0,0,2023-05-09 00:11:27.706236,0
0,0,0,0,0,2023-05-09 00:11:29.707402,0
0,0,0,0,0,2023-05-09 00:11:30.707403,0
0,0,0,0,0,2023-05-09 00:11:31.707406,0
0,0,0,0,0,2023-05-09 00:11:32.708405,0
0,0,0,0,0,2023-05-09 00:11:33.708406,0
0,0,0,0,0,2023-05-09 00:11:34.708492,0
0,0,0,0,0,2023-05-09 00:11:35.708493,0
0,0,0,0,0,2023-05-09 00:11:36.708515,0
0,0,0,0,0,2023-05-09 00:11:37.708619,0
0,0,0,0,0,2023-05-09 00:11:39.710048,0
0,0,0,0,0,2023-05-09 00:11:40.710423,0
0,0,0,0,0,2023-05-09 00:11:42.711103,0
0,0,0,0,0,2023-05-09 00:11:43.711708,0
0,0,0,0,0,2023-05-09 00:11:44.711916,0
0,0,0,0,0,2023-05-09 00:11:45.712229,0
0,0,0,0,0,2023-05-09 00:11:46.712434,0
0,0,0,0,0,2023-05-09 00:11:47.712521,0
0,0,0,0,0,2023-05-09 00:11:48.712782,0
0,0,0,0,0,2023-05-09 00:11:49.713462,0
0,0,0,0,0,2023-05-09 00:11:51.714557,0
0,0,0,0,0,2023-05-09 00:11:52.715539,0
0,0,0,0,0,2023-05-09 00:11:54.716569,0
0,0,0,0,0,2023-05-09 00:11:55.717266,0
0,0,0,0,0,2023-05-09 00:11:58.718463,0
0,0,0,0,0,2023-05-09 00:11:59.719129,0
0,0,0,0,0,2023-05-09 00:12:00.719191,0
0,0,0,0,0,2023-05-09 00:12:02.720816,0
0,0,0,0,0,2023-05-09 00:12:03.720885,0
0,0,0,0,0,2023-05-09 00:12:04.721398,0
0,0,0,0,0,2023-05-09 00:12:05.721578,0
0,0,0,0,0,2023-05-09 00:12:07.722346,0
0,0,0,0,0,2023-05-09 00:12:08.722984,0
0,0,0,0,0,2023-05-09 00:12:09.723063,0
0,0,0,0,0,2023-05-09 00:12:11.724335,0
0,0,0,0,0,2023-05-09 00:12:17.726499,0
0,0,0,0,0,2023-05-09 00:12:18.727517,0
0,0,0,0,0,2023-05-09 00:12:21.728771,0
0,0,0,0,0,2023-05-09 00:12:22.729535,0
0,0,0,0,0,2023-05-09 00:12:23.729571,0
0,0,0,0,0,2023-05-09 00:12:24.729914,0
0,0,0,0,0,2023-05-09 00:12:25.729927,0
0,0,0,0,0,2023-05-09 00:12:26.730682,0
0,0,0,0,0,2023-05-09 00:12:28.731661,0
0,0,0,0,0,2023-05-09 00:12:29.731661,0
0,0,0,0,0,2023-05-09 00:12:30.732139,0
0,0,0,0,0,2023-05-09 00:12:31.733105,0
0,0,0,0,0,2023-05-09 00:12:33.733408,0
0,0,0,0,0,2023-05-09 00:12:34.733653,0
0,0,0,0,0,2023-05-09 00:12:35.733729,0
0,0,0,0,0,2023-05-09 00:12:36.733740,0
0,0,0,0,0,2023-05-09 00:12:38.734274,0
0,0,0,0,0,2023-05-09 00:12:40.734350,0
0,0,0,0,0,2023-05-09 00:12:41.735264,0
0,0,0,0,0,2023-05-09 00:12:42.735602,0
0,0,0,0,0,2023-05-09 00:12:43.735689,0
0,0,0,0,0,2023-05-09 00:12:44.736202,0
0,0,0,0,0,2023-05-09 00:12:45.737021,0
0,0,0,0,0,2023-05-09 00:12:46.737114,0
0,0,0,0,0,2023-05-09 00:12:48.739025,0
0,0,0,0,0,2023-05-09 00:12:49.739027,0
0,0,0,0,0,2023-05-09 00:12:52.741025,0
0,0,0,0,0,2023-05-09 00:12:53.741208,0
0,0,0,0,0,2023-05-09 00:12:54.741817,0
0,0,0,0,0,2023-05-09 00:12:55.742715,0
0,0,0,0,0,2023-05-09 00:12:56.743713,0
0,0,0,0,0,2023-05-09 00:12:57.743798,0
0,0,0,0,0,2023-05-09 00:12:58.744453,0
0,0,0,0,0,2023-05-09 00:12:59.745453,0
0,0,0,0,0,2023-05-09 00:13:00.745553,0
0,0,0,0,0,2023-05-09 00:13:01.746368,0
0,0,0,0,0,2023-05-09 00:13:02.747317,0
0,0,0,0,0,2023-05-09 00:13:03.748185,0
0,0,0,0,0,2023-05-09 00:13:04.748420,0
0,0,0,0,0,2023-05-09 00:13:05.749010,0
0,0,0,0,0,2023-05-09 00:13:06.749412,0
0,0,0,0,0,2023-05-09 00:13:07.750076,0
0,0,0,0,0,2023-05-09 00:13:08.750276,0
0,0,0,0,0,2023-05-09 00:13:09.750281,0
0,0,0,0,0,2023-05-09 00:13:10.750783,0
0,0,0,0,0,2023-05-09 00:13:11.751218,0
0,0,0,0,0,2023-05-09 00:13:12.751503,0
0,0,0,0,0,2023-05-09 00:13:13.752444,0
0,0,0,0,0,2023-05-09 00:13:14.753332,0
0,0,0,0,0,2023-05-09 00:13:15.753540,0
0,0,0,0,0,2023-05-09 00:13:16.754465,0
0,0,0,0,0,2023-05-09 00:13:17.755136,0
0,0,0,0,0,2023-05-09 00:13:18.756143,0
0,0,0,0,0,2023-05-09 00:13:20.757685,0
0,0,0,0,0,2023-05-09 00:13:21.757687,0
0,0,0,0,0,2023-05-09 00:13:22.757697,0
0,0,0,0,0,2023-05-09 00:13:23.757722,0
0,0,0,0,0,2023-05-09 00:13:24.758344,0
0,0,0,0,0,2023-05-09 00:13:25.758930,0
0,0,0,0,0,2023-05-09 00:13:28.761531,0
0,0,0,0,0,2023-05-09 00:13:29.761654,0
0,0,0,0,0,2023-05-09 00:13:30.761662,0
0,0,0,0,0,2023-05-09 00:13:32.761914,0
0,0,0,0,0,2023-05-09 00:13:34.763002,0
0,0,0,0,0,2023-05-09 00:13:35.763490,0
0,0,0,0,0,2023-05-09 00:13:36.764021,0
0,0,0,0,0,2023-05-09 00:13:37.764244,0
0,0,0,0,0,2023-05-09 00:13:38.765223,0
0,0,0,0,0,2023-05-09 00:13:40.765593,0
0,0,0,0,0,2023-05-09 00:13:41.766296,0
0,0,0,0,0,2023-05-09 00:13:42.766310,0
0,0,0,0,0,2023-05-09 00:13:43.767218,0
0,0,0,0,0,2023-05-09 00:13:45.768327,0
0,0,0,0,0,2023-05-09 00:13:47.768506,0
0,0,0,0,0,2023-05-09 00:13:51.770516,0
0,0,0,0,0,2023-05-09 00:13:52.771207,0
0,0,0,0,0,2023-05-09 00:13:53.771318,0
0,0,0,0,0,2023-05-09 00:13:54.771420,0
0,0,0,0,0,2023-05-09 00:13:55.771492,0
0,0,0,0,0,2023-05-09 00:13:56.771703,0
0,0,0,0,0,2023-05-09 00:13:57.772700,0
0,0,0,0,0,2023-05-09 00:13:58.772826,0
0,0,0,0,0,2023-05-09 00:13:59.772846,0
0,0,0,0,0,2023-05-09 00:14:01.774754,0
0,0,0,0,0,2023-05-09 00:14:03.774879,0
0,0,0,0,0,2023-05-09 00:14:04.775894,0
0,0,0,0,0,2023-05-09 00:14:05.776504,0
0,0,0,0,0,2023-05-09 00:14:06.777054,0
0,0,0,0,0,2023-05-09 00:14:07.778062,0
0,0,0,0,0,2023-05-09 00:14:08.779041,0
0,0,0,0,0,2023-05-09 00:14:09.779757,0
0,0,0,0,0,2023-05-09 00:14:12.781738,0
0,0,0,0,0,2023-05-09 00:14:13.781822,0
0,0,0,0,0,2023-05-09 00:14:14.782736,0
0,0,0,0,0,2023-05-09 00:14:15.783011,0
0,0,0,0,0,2023-05-09 00:14:16.783208,0
0,0,0,0,0,2023-05-09 00:14:22.785388,0
0,0,0,0,0,2023-05-09 00:14:23.785561,0
0,0,0,0,0,2023-05-09 00:14:24.785773,0
0,0,0,0,0,2023-05-09 00:14:25.786394,0
0,0,0,0,0,2023-05-09 00:14:26.786658,0
0,0,0,0,0,2023-05-09 00:14:27.787580,0
0,0,0,0,0,2023-05-09 00:14:28.788215,0
0,0,0,0,0,2023-05-09 00:14:29.789154,0
0,0,0,0,0,2023-05-09 00:14:30.789455,0
0,0,0,0,0,2023-05-09 00:14:31.789961,0
0,0,0,0,0,2023-05-09 00:14:32.790137,0
0,0,0,0,0,2023-05-09 00:14:33.790248,0
0,0,0,0,0,2023-05-09 00:14:34.790254,0
0,0,0,0,0,2023-05-09 00:14:35.790629,0
0,0,0,0,0,2023-05-09 00:14:36.791630,0
0,0,0,0,0,2023-05-09 00:14:37.792559,0
0,0,0,0,0,2023-05-09 00:14:38.792575,0
0,0,0,0,0,2023-05-09 00:14:39.792662,0
0,0,0,0,0,2023-05-09 00:14:40.793608,0
0,0,0,0,0,2023-05-09 00:14:41.793692,0
0,0,0,0,0,2023-05-09 00:14:42.794587,0
0,0,0,0,0,2023-05-09 00:14:43.795609,0
0,0,0,0,0,2023-05-09 00:14:44.796011,0
0,0,0,0,0,2023-05-09 00:14:45.796020,0
0,0,0,0,0,2023-05-09 00:14:46.796231,0
0,0,0,0,0,2023-05-09 00:14:47.796313,0
0,0,0,0,0,2023-05-09 00:14:48.797068,0
0,0,0,0,0,2023-05-09 00:14:49.797473,0
0,0,0,0,0,2023-05-09 00:14:50.797583,0
0,0,0,0,0,2023-05-09 00:14:51.797586,0
0,0,0,0,0,2023-05-09 00:14:52.797958,0
0,0,0,0,0,2023-05-09 00:14:53.798040,0
0,0,0,0,0,2023-05-09 00:14:54.798074,0
0,0,0,0,0,2023-05-09 00:14:55.798227,0
0,0,0,0,0,2023-05-09 00:14:57.799218,0
0,0,0,0,0,2023-05-09 00:14:58.799262,0
0,0,0,0,0,2023-05-09 00:14:59.799468,0
0,0,0,0,0,2023-05-09 00:15:00.799573,0
0,0,0,0,0,2023-05-09 00:15:01.799661,0
0,0,0,0,0,2023-05-09 00:15:02.800118,0
0,0,0,0,0,2023-05-09 00:15:03.800601,0
0,0,0,0,0,2023-05-09 00:15:04.800837,0
0,0,0,0,0,2023-05-09 00:15:05.801822,0
0,0,0,0,0,2023-05-09 00:15:06.802459,0
0,0,0,0,0,2023-05-09 00:15:07.802599,0
0,0,0,0,0,2023-05-09 00:15:08.803207,0
0,0,0,0,0,2023-05-09 00:15:10.803749,0
0,0,0,0,0,2023-05-09 00:15:11.804180,0
0,0,0,0,0,2023-05-09 00:15:12.804581,0
0,0,0,0,0,2023-05-09 00:15:14.805516,0
0,0,0,0,0,2023-05-09 00:15:15.806470,0
0,0,0,0,0,2023-05-09 00:15:16.807116,0
0,0,0,0,0,2023-05-09 00:15:17.807458,0
0,0,0,0,0,2023-05-09 00:15:18.808253,0
0,0,0,0,0,2023-05-09 00:15:19.808852,0
0,0,0,0,0,2023-05-09 00:15:20.809478,0
0,0,0,0,0,2023-05-09 00:15:21.810127,0
0,0,0,0,0,2023-05-09 00:15:22.810719,0
0,0,0,0,0,2023-05-09 00:15:23.811351,0
0,0,0,0,0,2023-05-09 00:15:24.811863,0
0,0,0,0,0,2023-05-09 00:15:25.811972,0
0,0,0,0,0,2023-05-09 00:15:26.811984,0
0,0,0,0,0,2023-05-09 00:15:27.812052,0
0,0,0,0,0,2023-05-09 00:15:28.812123,0
0,0,0,0,0,2023-05-09 00:15:29.812807,0
0,0,0,0,0,2023-05-09 00:15:30.813738,0
0,0,0,0,0,2023-05-09 00:15:32.814737,0
0,0,0,0,0,2023-05-09 00:15:33.814811,0
0,0,0,0,0,2023-05-09 00:15:34.815744,0
0,0,0,0,0,2023-05-09 00:15:36.816344,0
0,0,0,0,0,2023-05-09 00:15:37.816382,0
0,0,0,0,0,2023-05-09 00:15:38.816865,0
0,0,0,0,0,2023-05-09 00:15:39.817437,0
0,0,0,0,0,2023-05-09 00:15:40.817490,0
0,0,0,0,0,2023-05-09 00:15:41.817498,0
0,0,0,0,0,2023-05-09 00:15:42.818318,0
0,0,0,0,0,2023-05-09 00:15:43.819230,0
0,0,0,0,0,2023-05-09 00:15:44.820164,0
0,0,0,0,0,2023-05-09 00:15:45.821163,0
0,0,0,0,0,2023-05-09 00:15:46.821249,0
0,0,0,0,0,2023-05-09 00:15:47.821257,0
0,0,0,0,0,2023-05-09 00:15:48.821640,0
0,0,0,0,0,2023-05-09 00:15:49.821906,0
0,0,0,0,0,2023-05-09 00:15:50.821910,0
0,0,0,0,0,2023-05-09 00:15:51.821997,0
0,0,0,0,0,2023-05-09 00:15:52.822009,0
0,0,0,0,0,2023-05-09 00:15:53.822918,0
0,0,0,0,0,2023-05-09 00:15:54.822994,0
0,0,0,0,0,2023-05-09 00:15:57.825144,0
0,0,0,0,0,2023-05-09 00:15:58.825668,0
0,0,0,0,0,2023-05-09 00:15:59.826556,0
0,0,0,0,0,2023-05-09 00:16:00.827264,0
0,0,0,0,0,2023-05-09 00:16:01.827824,0
0,0,0,0,0,2023-05-09 00:16:02.828820,0
0,0,0,0,0,2023-05-09 00:16:03.828876,0
0,0,0,0,0,2023-05-09 00:16:04.829873,0
0,0,0,0,0,2023-05-09 00:16:05.830560,0
0,0,0,0,0,2023-05-09 00:16:06.830804,0
0,0,0,0,0,2023-05-09 00:16:07.830888,0
0,0,0,0,0,2023-05-09 00:16:11.832213,0
0,0,0,0,0,2023-05-09 00:16:12.832857,0
0,0,0,0,0,2023-05-09 00:16:14.834397,0
0,0,0,0,0,2023-05-09 00:16:15.834635,0
0,0,0,0,0,2023-05-09 00:16:16.835114,0
0,0,0,0,0,2023-05-09 00:16:17.836050,0
0,0,0,0,0,2023-05-09 00:16:18.836710,0
0,0,0,0,0,2023-05-09 00:16:20.837039,0
0,0,0,0,0,2023-05-09 00:16:21.837082,0
0,0,0,0,0,2023-05-09 00:16:22.837688,0
0,0,0,0,0,2023-05-09 00:16:23.838604,0
0,0,0,0,0,2023-05-09 00:16:24.838785,0
0,0,0,0,0,2023-05-09 00:16:25.839761,0
0,0,0,0,0,2023-05-09 00:16:26.840184,0
0,0,0,0,0,2023-05-09 00:16:27.840688,0
0,0,0,0,0,2023-05-09 00:16:28.840695,0
0,0,0,0,0,2023-05-09 00:16:29.841612,0
0,0,0,0,0,2023-05-09 00:16:30.842316,0
0,0,0,0,0,2023-05-09 00:16:31.843311,0
0,0,0,0,0,2023-05-09 00:16:32.843546,0
0,0,0,0,0,2023-05-09 00:16:33.844154,0
0,0,0,0,0,2023-05-09 00:16:34.845206,0
0,0,0,0,0,2023-05-09 00:16:35.845603,0
0,0,0,0,0,2023-05-09 00:16:36.845635,0
0,0,0,0,0,2023-05-09 00:16:37.845636,0
0,0,0,0,0,2023-05-09 00:16:38.845725,0
0,0,0,0,0,2023-05-09 00:16:39.845757,0
0,0,0,0,0,2023-05-09 00:16:40.845789,0
0,0,0,0,0,2023-05-09 00:16:41.846785,0
0,0,0,0,0,2023-05-09 00:16:42.847641,0
0,0,0,0,0,2023-05-09 00:16:43.848550,0
0,0,0,0,0,2023-05-09 00:16:44.848624,0
0,0,0,0,0,2023-05-09 00:16:45.849540,0
0,0,0,0,0,2023-05-09 00:16:46.849929,0
0,0,0,0,0,2023-05-09 00:16:47.850802,0
0,0,0,0,0,2023-05-09 00:16:48.850802,0
0,0,0,0,0,2023-05-09 00:16:49.850907,0
0,0,0,0,0,2023-05-09 00:16:50.851894,0
0,0,0,0,0,2023-05-09 00:16:51.852115,0
0,0,0,0,0,2023-05-09 00:16:52.853033,0
0,0,0,0,0,2023-05-09 00:16:53.853716,0
0,0,0,0,0,2023-05-09 00:16:54.854714,0
0,0,0,0,0,2023-05-09 00:16:55.855509,0
0,0,0,0,0,2023-05-09 00:16:56.855820,0
0,0,0,0,0,2023-05-09 00:16:57.856154,0
0,0,0,0,0,2023-05-09 00:16:58.856573,0
0,0,0,0,0,2023-05-09 00:16:59.857054,0
0,0,0,0,0,2023-05-09 00:17:00.857274,0
0,0,0,0,0,2023-05-09 00:17:02.858055,0
0,0,0,0,0,2023-05-09 00:17:03.858952,0
0,0,0,0,0,2023-05-09 00:17:04.859043,0
0,0,0,0,0,2023-05-09 00:17:05.859124,0
0,0,0,0,0,2023-05-09 00:17:06.859391,0
0,0,0,0,0,2023-05-09 00:17:07.860316,0
0,0,0,0,0,2023-05-09 00:17:11.861647,0
0,0,0,0,0,2023-05-09 00:17:12.862160,0
0,0,0,0,0,2023-05-09 00:17:13.862591,0
0,0,0,0,0,2023-05-09 00:17:14.862832,0
0,0,0,0,0,2023-05-09 00:17:15.863831,0
0,0,0,0,0,2023-05-09 00:17:16.864434,0
0,0,0,0,0,2023-05-09 00:17:17.864956,0
0,0,0,0,0,2023-05-09 00:17:18.865889,0
0,0,0,0,0,2023-05-09 00:17:19.865948,0
0,0,0,0,0,2023-05-09 00:17:22.866824,0
0,0,0,0,0,2023-05-09 00:17:23.867388,0
0,0,0,0,0,2023-05-09 00:17:24.867439,0
0,0,0,0,0,2023-05-09 00:17:25.867649,0
0,0,0,0,0,2023-05-09 00:17:26.868316,0
0,0,0,0,0,2023-05-09 00:17:27.869242,0
0,0,0,0,0,2023-05-09 00:17:28.869323,0
0,0,0,0,0,2023-05-09 00:17:29.869329,0
0,0,0,0,0,2023-05-09 00:17:30.869560,0
0,0,0,0,0,2023-05-09 00:17:31.870368,0
0,0,0,0,0,2023-05-09 00:17:32.870484,0
0,0,0,0,0,2023-05-09 00:17:33.870492,0
0,0,0,0,0,2023-05-09 00:17:34.870908,0
0,0,0,0,0,2023-05-09 00:17:35.870911,0
0,0,0,0,0,2023-05-09 00:17:36.871108,0
0,0,0,0,0,2023-05-09 00:17:37.871288,0
0,0,0,0,0,2023-05-09 00:17:38.871670,0
0,0,0,0,0,2023-05-09 00:17:39.872447,0
0,0,0,0,0,2023-05-09 00:17:40.873360,0
0,0,0,0,0,2023-05-09 00:17:41.873955,0
0,0,0,0,0,2023-05-09 00:17:42.873966,0
0,0,0,0,0,2023-05-09 00:17:43.874136,0
0,0,0,0,0,2023-05-09 00:17:45.874327,0
0,0,0,0,0,2023-05-09 00:17:46.875103,0
0,0,0,0,0,2023-05-09 00:17:47.875229,0
0,0,0,0,0,2023-05-09 00:17:49.875899,0
0,0,0,0,0,2023-05-09 00:17:50.875903,0
0,0,0,0,0,2023-05-09 00:17:51.876823,0
0,0,0,0,0,2023-05-09 00:17:52.876969,0
0,0,0,0,0,2023-05-09 00:17:53.877022,0
0,0,0,0,0,2023-05-09 00:17:54.877024,0
0,0,0,0,0,2023-05-09 00:17:55.877549,0
0,0,0,0,0,2023-05-09 00:17:56.877820,0
0,0,0,0,0,2023-05-09 00:17:57.877989,0
0,0,0,0,0,2023-05-09 00:17:58.878585,0
0,0,0,0,0,2023-05-09 00:17:59.878882,0
0,0,0,0,0,2023-05-09 00:18:00.879804,0
0,0,0,0,0,2023-05-09 00:18:01.880790,0
0,0,0,0,0,2023-05-09 00:18:02.881185,0
0,0,0,0,0,2023-05-09 00:18:03.882168,0
0,0,0,0,0,2023-05-09 00:18:04.882358,0
0,0,0,0,0,2023-05-09 00:18:05.882948,0
0,0,0,0,0,2023-05-09 00:18:06.882986,0
0,0,0,0,0,2023-05-09 00:18:07.883010,0
0,0,0,0,0,2023-05-09 00:18:08.883153,0
0,0,0,0,0,2023-05-09 00:18:09.883195,0
0,0,0,0,0,2023-05-09 00:18:10.883392,0
0,0,0,0,0,2023-05-09 00:18:11.883523,0
0,0,0,0,0,2023-05-09 00:18:12.884520,0
0,0,0,0,0,2023-05-09 00:18:13.884567,0
0,0,0,0,0,2023-05-09 00:18:14.884935,0
0,0,0,0,0,2023-05-09 00:18:15.885357,0
0,0,0,0,0,2023-05-09 00:18:16.886048,0
0,0,0,0,0,2023-05-09 00:18:17.886294,0
0,0,0,0,0,2023-05-09 00:18:18.887033,0
0,0,0,0,0,2023-05-09 00:18:19.887035,0
0,0,0,0,0,2023-05-09 00:18:20.887039,0
0,0,0,0,0,2023-05-09 00:18:21.888036,0
0,0,0,0,0,2023-05-09 00:18:22.888452,0
0,0,0,0,0,2023-05-09 00:18:23.889140,0
0,0,0,0,0,2023-05-09 00:18:24.889440,0
0,0,0,0,0,2023-05-09 00:18:25.889444,0
0,0,0,0,0,2023-05-09 00:18:26.889453,0
0,0,0,0,0,2023-05-09 00:18:27.890031,0
0,0,0,0,0,2023-05-09 00:18:28.890731,0
0,0,0,0,0,2023-05-09 00:18:29.891273,0
0,0,0,0,0,2023-05-09 00:18:30.892193,0
0,0,0,0,0,2023-05-09 00:18:31.893192,0
0,0,0,0,0,2023-05-09 00:18:32.893192,0
0,0,0,0,0,2023-05-09 00:18:33.893316,0
0,0,0,0,0,2023-05-09 00:18:35.894421,0
0,0,0,0,0,2023-05-09 00:18:36.894939,0
0,0,0,0,0,2023-05-09 00:18:37.895540,0
0,0,0,0,0,2023-05-09 00:18:38.895834,0
0,0,0,0,0,2023-05-09 00:18:39.895948,0
0,0,0,0,0,2023-05-09 00:18:41.896142,0
0,0,0,0,0,2023-05-09 00:18:42.896160,0
0,0,0,0,0,2023-05-09 00:18:44.897142,0
0,0,0,0,0,2023-05-09 00:18:46.898152,0
0,0,0,0,0,2023-05-09 00:18:47.899140,0
0,0,0,0,0,2023-05-09 00:18:48.899232,0
0,0,0,0,0,2023-05-09 00:18:49.899250,0
0,0,0,0,0,2023-05-09 00:18:50.900222,0
0,0,0,0,0,2023-05-09 00:18:51.900222,0
0,0,0,0,0,2023-05-09 00:18:52.900479,0
0,0,0,0,0,2023-05-09 00:18:53.901484,0
0,0,0,0,0,2023-05-09 00:18:54.901636,0
0,0,0,0,0,2023-05-09 00:18:56.902073,0
0,0,0,0,0,2023-05-09 00:18:58.902074,0
0,0,0,0,0,2023-05-09 00:18:59.902328,0
0,0,0,0,0,2023-05-09 00:19:00.902339,0
0,0,0,0,0,2023-05-09 00:19:01.902688,0
0,0,0,0,0,2023-05-09 00:19:02.902822,0
0,0,0,0,0,2023-05-09 00:19:03.902836,0
0,0,0,0,0,2023-05-09 00:19:04.903298,0
0,0,0,0,0,2023-05-09 00:19:05.903394,0
0,0,0,0,0,2023-05-09 00:19:06.903766,0
0,0,0,0,0,2023-05-09 00:19:07.904088,0
0,0,0,0,0,2023-05-09 00:19:08.904662,0
0,0,0,0,0,2023-05-09 00:19:09.904663,0
0,0,0,0,0,2023-05-09 00:19:10.904876,0
0,0,0,0,0,2023-05-09 00:19:11.905861,0
0,0,0,0,0,2023-05-09 00:19:12.906215,0
0,0,0,0,0,2023-05-09 00:19:13.907205,0
0,0,0,0,0,2023-05-09 00:19:14.907293,0
0,0,0,0,0,2023-05-09 00:19:15.908205,0
0,0,0,0,0,2023-05-09 00:19:17.910095,0
0,0,0,0,0,2023-05-09 00:19:18.911093,0
0,0,0,0,0,2023-05-09 00:19:19.912005,0
0,0,0,0,0,2023-05-09 00:19:20.912205,0
0,0,0,0,0,2023-05-09 00:19:21.912787,0
0,0,0,0,0,2023-05-09 00:19:22.912802,0
0,0,0,0,0,2023-05-09 00:19:23.913049,0
0,0,0,0,0,2023-05-09 00:19:24.913055,0
0,0,0,0,0,2023-05-09 00:19:25.913164,0
0,0,0,0,0,2023-05-09 00:19:26.914169,0
0,0,0,0,0,2023-05-09 00:19:27.914333,0
0,0,0,0,0,2023-05-09 00:19:28.915336,0
0,0,0,0,0,2023-05-09 00:19:29.916327,0
0,0,0,0,0,2023-05-09 00:19:30.916594,0
0,0,0,0,0,2023-05-09 00:19:31.917593,0
0,0,0,0,0,2023-05-09 00:19:33.918477,0
0,0,0,0,0,2023-05-09 00:19:34.918568,0
0,0,0,0,0,2023-05-09 00:19:35.918583,0
0,0,0,0,0,2023-05-09 00:19:36.919482,0
0,0,0,0,0,2023-05-09 00:19:37.919565,0
0,0,0,0,0,2023-05-09 00:19:38.920361,0
0,0,0,0,0,2023-05-09 00:19:39.921348,0
0,0,0,0,0,2023-05-09 00:19:40.922118,0
0,0,0,0,0,2023-05-09 00:19:41.922671,0
0,0,0,0,0,2023-05-09 00:19:42.922762,0
0,0,0,0,0,2023-05-09 00:19:43.922836,0
0,0,0,0,0,2023-05-09 00:19:44.923443,0
0,0,0,0,0,2023-05-09 00:19:45.924049,0
0,0,0,0,0,2023-05-09 00:19:46.924972,0
0,0,0,0,0,2023-05-09 00:19:47.925871,0
0,0,0,0,0,2023-05-09 00:19:48.926103,0
0,0,0,0,0,2023-05-09 00:19:49.927045,0
0,0,0,0,0,2023-05-09 00:19:51.928689,0
0,0,0,0,0,2023-05-09 00:19:52.928787,0
0,0,0,0,0,2023-05-09 00:19:53.928883,0
0,0,0,0,0,2023-05-09 00:19:54.929763,0
0,0,0,0,0,2023-05-09 00:19:55.929906,0
0,0,0,0,0,2023-05-09 00:19:56.930076,0
0,0,0,0,0,2023-05-09 00:19:57.930466,0
0,0,0,0,0,2023-05-09 00:19:58.930606,0
0,0,0,0,0,2023-05-09 00:19:59.931352,0
0,0,0,0,0,2023-05-09 00:20:00.931462,0
0,0,0,0,0,2023-05-09 00:20:01.931543,0
0,0,0,0,0,2023-05-09 00:20:03.932329,0
0,0,0,0,0,2023-05-09 00:20:04.932995,0
0,0,0,0,0,2023-05-09 00:20:05.933025,0
0,0,0,0,0,2023-05-09 00:20:06.934012,0
0,0,0,0,0,2023-05-09 00:20:07.934353,0
0,0,0,0,0,2023-05-09 00:20:08.934983,0
0,0,0,0,0,2023-05-09 00:20:09.935009,0
0,0,0,0,0,2023-05-09 00:20:10.935856,0
0,0,0,0,0,2023-05-09 00:20:11.936207,0
0,0,0,0,0,2023-05-09 00:20:12.936955,0
0,0,0,0,0,2023-05-09 00:20:13.937585,0
0,0,0,0,0,2023-05-09 00:20:14.937904,0
0,0,0,0,0,2023-05-09 00:20:15.937931,0
0,0,0,0,0,2023-05-09 00:20:16.938248,0
0,0,0,0,0,2023-05-09 00:20:17.938808,0
0,0,0,0,0,2023-05-09 00:20:18.938906,0
0,0,0,0,0,2023-05-09 00:20:19.939202,0
0,0,0,0,0,2023-05-09 00:20:20.940098,0
0,0,0,0,0,2023-05-09 00:20:21.940476,0
0,0,0,0,0,2023-05-09 00:20:22.940615,0
0,0,0,0,0,2023-05-09 00:20:23.940706,0
0,0,0,0,0,2023-05-09 00:20:24.941615,0
0,0,0,0,0,2023-05-09 00:20:25.942483,0
0,0,0,0,0,2023-05-09 00:20:26.942941,0
0,0,0,0,0,2023-05-09 00:20:28.943721,0
0,0,0,0,0,2023-05-09 00:20:29.943722,0
0,0,0,0,0,2023-05-09 00:20:30.944727,0
0,0,0,0,0,2023-05-09 00:20:31.944820,0
0,0,0,0,0,2023-05-09 00:20:33.945064,0
0,0,0,0,0,2023-05-09 00:20:34.945417,0
0,0,0,0,0,2023-05-09 00:20:35.945544,0
0,0,0,0,0,2023-05-09 00:20:36.945804,0
0,0,0,0,0,2023-05-09 00:20:37.946371,0
0,0,0,0,0,2023-05-09 00:20:38.947313,0
0,0,0,0,0,2023-05-09 00:20:41.948377,0
0,0,0,0,0,2023-05-09 00:20:42.949032,0
0,0,0,0,0,2023-05-09 00:20:43.949514,0
0,0,0,0,0,2023-05-09 00:20:44.950120,0
0,0,0,0,0,2023-05-09 00:20:45.950783,0
0,0,0,0,0,2023-05-09 00:20:46.951182,0
0,0,0,0,0,2023-05-09 00:20:47.951185,0
0,0,0,0,0,2023-05-09 00:20:48.951296,0
0,0,0,0,0,2023-05-09 00:20:49.951491,0
0,0,0,0,0,2023-05-09 00:20:50.951573,0
0,0,0,0,0,2023-05-09 00:20:51.951598,0
0,0,0,0,0,2023-05-09 00:20:52.952553,0
0,0,0,0,0,2023-05-09 00:20:53.952749,0
0,0,0,0,0,2023-05-09 00:20:55.186822,0
0,0,0,0,0,2023-05-09 00:20:56.187524,0
0,0,0,0,0,2023-05-09 00:20:57.187813,0
0,0,0,0,0,2023-05-09 00:20:58.187988,0
0,0,0,0,0,2023-05-09 00:20:59.188110,0
0,0,0,0,0,2023-05-09 00:21:00.189033,0
0,0,0,0,0,2023-05-09 00:21:01.189416,0
0,0,0,0,0,2023-05-09 00:21:02.189985,0
0,0,0,0,0,2023-05-09 00:21:03.190492,0
0,0,0,0,0,2023-05-09 00:21:04.191295,0
0,0,0,0,0,2023-05-09 00:21:05.192197,0
0,0,0,0,0,2023-05-09 00:21:06.192278,0
0,0,0,0,0,2023-05-09 00:21:07.193270,0
0,0,0,0,0,2023-05-09 00:21:08.193286,0
0,0,0,0,0,2023-05-09 00:21:09.193603,0
0,0,0,0,0,2023-05-09 00:21:10.193646,0
0,0,0,0,0,2023-05-09 00:21:11.193739,0
0,0,0,0,0,2023-05-09 00:21:12.194646,0
0,0,0,0,0,2023-05-09 00:21:14.195772,0
0,0,0,0,0,2023-05-09 00:21:15.196511,0
0,0,0,0,0,2023-05-09 00:21:17.197453,0
0,0,0,0,0,2023-05-09 00:21:18.198375,0
0,0,0,0,0,2023-05-09 00:21:19.198571,0
0,0,0,0,0,2023-05-09 00:21:20.198644,0
0,0,0,0,0,2023-05-09 00:21:21.198668,0
0,0,0,0,0,2023-05-09 00:21:22.198671,0
0,0,0,0,0,2023-05-09 00:21:23.198672,0
0,0,0,0,0,2023-05-09 00:21:24.198679,0
0,0,0,0,0,2023-05-09 00:21:25.199199,0
0,0,0,0,0,2023-05-09 00:21:26.199789,0
0,0,0,0,0,2023-05-09 00:21:27.200224,0
0,0,0,0,0,2023-05-09 00:21:28.200225,0
0,0,0,0,0,2023-05-09 00:21:29.201056,0
0,0,0,0,0,2023-05-09 00:21:30.201564,0
0,0,0,0,0,2023-05-09 00:21:32.201661,0
0,0,0,0,0,2023-05-09 00:21:33.202575,0
0,0,0,0,0,2023-05-09 00:21:34.203162,0
0,0,0,0,0,2023-05-09 00:21:35.203253,0
0,0,0,0,0,2023-05-09 00:21:36.203322,0
0,0,0,0,0,2023-05-09 00:21:38.203515,0
0,0,0,0,0,2023-05-09 00:21:39.203547,0
0,0,0,0,0,2023-05-09 00:21:40.204224,0
0,0,0,0,0,2023-05-09 00:21:41.204721,0
0,0,0,0,0,2023-05-09 00:21:42.205713,0
0,0,0,0,0,2023-05-09 00:21:44.205874,0
0,0,0,0,0,2023-05-09 00:21:45.206556,0
0,0,0,0,0,2023-05-09 00:21:47.207334,0
0,0,0,0,0,2023-05-09 00:21:48.207775,0
0,0,0,0,0,2023-05-09 00:21:49.208281,0
0,0,0,0,0,2023-05-09 00:21:50.208313,0
0,0,0,0,0,2023-05-09 00:21:52.208995,0
0,0,0,0,0,2023-05-09 00:21:54.210164,0
0,0,0,0,0,2023-05-09 00:21:55.210798,0
0,0,0,0,0,2023-05-09 00:21:56.210863,0
0,0,0,0,0,2023-05-09 00:21:57.210872,0
0,0,0,0,0,2023-05-09 00:21:58.211366,0
0,0,0,0,0,2023-05-09 00:21:59.211659,0
0,0,0,0,0,2023-05-09 00:22:00.212260,0
0,0,0,0,0,2023-05-09 00:22:02.213228,0
0,0,0,0,0,2023-05-09 00:22:03.213393,0
0,0,0,0,0,2023-05-09 00:22:04.213487,0
0,0,0,0,0,2023-05-09 00:22:05.214480,0
0,0,0,0,0,2023-05-09 00:22:06.214485,0
0,0,0,0,0,2023-05-09 00:22:07.214951,0
0,0,0,0,0,2023-05-09 00:22:08.215953,0
0,0,0,0,0,2023-05-09 00:22:09.216380,0
0,0,0,0,0,2023-05-09 00:22:10.217230,0
0,0,0,0,0,2023-05-09 00:22:11.217242,0
0,0,0,0,0,2023-05-09 00:22:12.218151,0
0,0,0,0,0,2023-05-09 00:22:13.218231,0
0,0,0,0,0,2023-05-09 00:22:14.218855,0
0,0,0,0,0,2023-05-09 00:22:15.218876,0
0,0,0,0,0,2023-05-09 00:22:16.218952,0
0,0,0,0,0,2023-05-09 00:22:17.219289,0
0,0,0,0,0,2023-05-09 00:22:18.219374,0
0,0,0,0,0,2023-05-09 00:22:19.219442,0
0,0,0,0,0,2023-05-09 00:22:20.219996,0
0,0,0,0,0,2023-05-09 00:22:22.220620,0
0,0,0,0,0,2023-05-09 00:22:23.220641,0
0,0,0,0,0,2023-05-09 00:22:24.221269,0
0,0,0,0,0,2023-05-09 00:22:25.221354,0
0,0,0,0,0,2023-05-09 00:22:27.222078,0
0,0,0,0,0,2023-05-09 00:22:28.222830,0
0,0,0,0,0,2023-05-09 00:22:29.223521,0
0,0,0,0,0,2023-05-09 00:22:30.224011,0
0,0,0,0,0,2023-05-09 00:22:31.224987,0
0,0,0,0,0,2023-05-09 00:22:32.225424,0
0,0,0,0,0,2023-05-09 00:22:33.225675,0
0,0,0,0,0,2023-05-09 00:22:34.226094,0
0,0,0,0,0,2023-05-09 00:22:35.226183,0
0,0,0,0,0,2023-05-09 00:22:36.227104,0
0,0,0,0,0,2023-05-09 00:22:37.228095,0
0,0,0,0,0,2023-05-09 00:22:38.228604,0
0,0,0,0,0,2023-05-09 00:22:39.228609,0
0,0,0,0,0,2023-05-09 00:22:40.229201,0
0,0,0,0,0,2023-05-09 00:22:41.230192,0
0,0,0,0,0,2023-05-09 00:22:43.230305,0
0,0,0,0,0,2023-05-09 00:22:44.230826,0
0,0,0,0,0,2023-05-09 00:22:45.230834,0
0,0,0,0,0,2023-05-09 00:22:46.231244,0
0,0,0,0,0,2023-05-09 00:22:47.231297,0
0,0,0,0,0,2023-05-09 00:22:48.232092,0
0,0,0,0,0,2023-05-09 00:22:49.233088,0
0,0,0,0,0,2023-05-09 00:22:50.233675,0
0,0,0,0,0,2023-05-09 00:22:51.234503,0
0,0,0,0,0,2023-05-09 00:22:52.235467,0
0,0,0,0,0,2023-05-09 00:22:53.235479,0
0,0,0,0,0,2023-05-09 00:22:54.236401,0
0,0,0,0,0,2023-05-09 00:22:55.237352,0
0,0,0,0,0,2023-05-09 00:22:57.238219,0
0,0,0,0,0,2023-05-09 00:22:58.238337,0
0,0,0,0,0,2023-05-09 00:23:00.240101,0
0,0,0,0,0,2023-05-09 00:23:01.240107,0
0,0,0,0,0,2023-05-09 00:23:02.241032,0
0,0,0,0,0,2023-05-09 00:23:03.242023,0
0,0,0,0,0,2023-05-09 00:23:04.242811,0
0,0,0,0,0,2023-05-09 00:23:05.243725,0
0,0,0,0,0,2023-05-09 00:23:06.243784,0
0,0,0,0,0,2023-05-09 00:23:07.243968,0
0,0,0,0,0,2023-05-09 00:23:08.244577,0
0,0,0,0,0,2023-05-09 00:23:10.244611,0
0,0,0,0,0,2023-05-09 00:23:11.245604,0
0,0,0,0,0,2023-05-09 00:23:12.246602,0
0,0,0,0,0,2023-05-09 00:23:13.247600,0
0,0,0,0,0,2023-05-09 00:23:14.247602,0
0,0,0,0,0,2023-05-09 00:23:16.248621,0
0,0,0,0,0,2023-05-09 00:23:17.249619,0
0,0,0,0,0,2023-05-09 00:23:21.251857,0
0,0,0,0,0,2023-05-09 00:23:22.252766,0
0,0,0,0,0,2023-05-09 00:23:23.252855,0
0,0,0,0,0,2023-05-09 00:23:24.253342,0
0,0,0,0,0,2023-05-09 00:23:25.253348,0
0,0,0,0,0,2023-05-09 00:23:26.254340,0
0,0,0,0,0,2023-05-09 00:23:27.254865,0
0,0,0,0,0,2023-05-09 00:23:28.255855,0
0,0,0,0,0,2023-05-09 00:23:29.255938,0
0,0,0,0,0,2023-05-09 00:23:30.256409,0
0,0,0,0,0,2023-05-09 00:23:31.256418,0
0,0,0,0,0,2023-05-09 00:23:33.257415,0
0,0,0,0,0,2023-05-09 00:23:34.258053,0
0,0,0,0,0,2023-05-09 00:23:35.258868,0
0,0,0,0,0,2023-05-09 00:23:36.258944,0
0,0,0,0,0,2023-05-09 00:23:37.259859,0
0,0,0,0,0,2023-05-09 00:23:38.260482,0
0,0,0,0,0,2023-05-09 00:23:39.261444,0
0,0,0,0,0,2023-05-09 00:23:40.261598,0
0,0,0,0,0,2023-05-09 00:23:42.263108,0
0,0,0,0,0,2023-05-09 00:23:43.264090,0
0,0,0,0,0,2023-05-09 00:23:44.264363,0
0,0,0,0,0,2023-05-09 00:23:45.264888,0
0,0,0,0,0,2023-05-09 00:23:46.264973,0
0,0,0,0,0,2023-05-09 00:23:47.265017,0
0,0,0,0,0,2023-05-09 00:23:48.265219,0
0,0,0,0,0,2023-05-09 00:23:49.265861,0
0,0,0,0,0,2023-05-09 00:23:50.266780,0
0,0,0,0,0,2023-05-09 00:23:51.267377,0
0,0,0,0,0,2023-05-09 00:23:52.267551,0
0,0,0,0,0,2023-05-09 00:23:53.267970,0
0,0,0,0,0,2023-05-09 00:23:54.268931,0
0,0,0,0,0,2023-05-09 00:23:55.269223,0
0,0,0,0,0,2023-05-09 00:23:56.269235,0
0,0,0,0,0,2023-05-09 00:23:57.269821,0
0,0,0,0,0,2023-05-09 00:23:58.270825,0
0,0,0,0,0,2023-05-09 00:23:59.271231,0
0,0,0,0,0,2023-05-09 00:24:00.271444,0
0,0,0,0,0,2023-05-09 00:24:01.271530,0
0,0,0,0,0,2023-05-09 00:24:02.272529,0
0,0,0,0,0,2023-05-09 00:24:03.273221,0
0,0,0,0,0,2023-05-09 00:24:04.273227,0
0,0,0,0,0,2023-05-09 00:24:05.273562,0
0,0,0,0,0,2023-05-09 00:24:06.274308,0
0,0,0,0,0,2023-05-09 00:24:07.274801,0
0,0,0,0,0,2023-05-09 00:24:08.274920,0
0,0,0,0,0,2023-05-09 00:24:09.275897,0
0,0,0,0,0,2023-05-09 00:24:11.277196,0
0,0,0,0,0,2023-05-09 00:24:12.277921,0
0,0,0,0,0,2023-05-09 00:24:13.278052,0
0,0,0,0,0,2023-05-09 00:24:14.278142,0
0,0,0,0,0,2023-05-09 00:24:15.278572,0
0,0,0,0,0,2023-05-09 00:24:16.279005,0
0,0,0,0,0,2023-05-09 00:24:17.279015,0
0,0,0,0,0,2023-05-09 00:24:18.279938,0
0,0,0,0,0,2023-05-09 00:24:19.280004,0
0,0,0,0,0,2023-05-09 00:24:20.280926,0
0,0,0,0,0,2023-05-09 00:24:21.281007,0
0,0,0,0,0,2023-05-09 00:24:22.281018,0
0,0,0,0,0,2023-05-09 00:24:23.281614,0
0,0,0,0,0,2023-05-09 00:24:24.281706,0
0,0,0,0,0,2023-05-09 00:24:25.282371,0
0,0,0,0,0,2023-05-09 00:24:26.282986,0
0,0,0,0,0,2023-05-09 00:24:27.283982,0
0,0,0,0,0,2023-05-09 00:24:28.284959,0
0,0,0,0,0,2023-05-09 00:24:29.285156,0
0,0,0,0,0,2023-05-09 00:24:32.286033,0
0,0,0,0,0,2023-05-09 00:24:33.286118,0
0,0,0,0,0,2023-05-09 00:24:34.286244,0
0,0,0,0,0,2023-05-09 00:24:35.286262,0
0,0,0,0,0,2023-05-09 00:24:37.286394,0
0,0,0,0,0,2023-05-09 00:24:38.286636,0
0,0,0,0,0,2023-05-09 00:24:39.287145,0
0,0,0,0,0,2023-05-09 00:24:40.287931,0
0,0,0,0,0,2023-05-09 00:24:41.288482,0
0,0,0,0,0,2023-05-09 00:24:42.288560,0
0,0,0,0,0,2023-05-09 00:24:43.289563,0
0,0,0,0,0,2023-05-09 00:24:44.289720,0
0,0,0,0,0,2023-05-09 00:24:45.289742,0
0,0,0,0,0,2023-05-09 00:24:46.290468,0
0,0,0,0,0,2023-05-09 00:24:47.291455,0
0,0,0,0,0,2023-05-09 00:24:48.291541,0
0,0,0,0,0,2023-05-09 00:24:49.291727,0
0,0,0,0,0,2023-05-09 00:24:50.292155,0
0,0,0,0,0,2023-05-09 00:24:51.292248,0
0,0,0,0,0,2023-05-09 00:24:52.292666,0
0,0,0,0,0,2023-05-09 00:24:53.292752,0
0,0,0,0,0,2023-05-09 00:24:54.293663,0
0,0,0,0,0,2023-05-09 00:24:55.294343,0
0,0,0,0,0,2023-05-09 00:24:56.294362,0
0,0,0,0,0,2023-05-09 00:24:57.294620,0
0,0,0,0,0,2023-05-09 00:24:58.294635,0
0,0,0,0,0,2023-05-09 00:24:59.294979,0
0,0,0,0,0,2023-05-09 00:25:00.295667,0
0,0,0,0,0,2023-05-09 00:25:01.296207,0
0,0,0,0,0,2023-05-09 00:25:02.297030,0
0,0,0,0,0,2023-05-09 00:25:03.297160,0
0,0,0,0,0,2023-05-09 00:25:04.297436,0
0,0,0,0,0,2023-05-09 00:25:05.297967,0
0,0,0,0,0,2023-05-09 00:25:06.298491,0
0,0,0,0,0,2023-05-09 00:25:07.298704,0
0,0,0,0,0,2023-05-09 00:25:08.298823,0
0,0,0,0,0,2023-05-09 00:25:09.299256,0
0,0,0,0,0,2023-05-09 00:25:10.299553,0
0,0,0,0,0,2023-05-09 00:25:11.300141,0
0,0,0,0,0,2023-05-09 00:25:12.300554,0
0,0,0,0,0,2023-05-09 00:25:13.301544,0
0,0,0,0,0,2023-05-09 00:25:14.302484,0
0,0,0,0,0,2023-05-09 00:25:15.303128,0
0,0,0,0,0,2023-05-09 00:25:16.303383,0
0,0,0,0,0,2023-05-09 00:25:17.303486,0
0,0,0,0,0,2023-05-09 00:25:18.304054,0
0,0,0,0,0,2023-05-09 00:25:19.304563,0
0,0,0,0,0,2023-05-09 00:25:20.305002,0
0,0,0,0,0,2023-05-09 00:25:21.305486,0
0,0,0,0,0,2023-05-09 00:25:22.305617,0
0,0,0,0,0,2023-05-09 00:25:23.306498,0
0,0,0,0,0,2023-05-09 00:25:24.307489,0
0,0,0,0,0,2023-05-09 00:25:25.307612,0
0,0,0,0,0,2023-05-09 00:25:26.307710,0
0,0,0,0,0,2023-05-09 00:25:31.310950,0
0,0,0,0,0,2023-05-09 00:25:32.311859,0
0,0,0,0,0,2023-05-09 00:25:33.311859,0
0,0,0,0,0,2023-05-09 00:25:34.311943,0
0,0,0,0,0,2023-05-09 00:25:36.313652,0
0,0,0,0,0,2023-05-09 00:25:37.314542,0
0,0,0,0,0,2023-05-09 00:25:38.314625,0
0,0,0,0,0,2023-05-09 00:25:39.314887,0
0,0,0,0,0,2023-05-09 00:25:40.315646,0
0,0,0,0,0,2023-05-09 00:25:41.316171,0
0,0,0,0,0,2023-05-09 00:25:42.316250,0
0,0,0,0,0,2023-05-09 00:25:43.317230,0
0,0,0,0,0,2023-05-09 00:25:44.317425,0
0,0,0,0,0,2023-05-09 00:25:45.317768,0
0,0,0,0,0,2023-05-09 00:25:47.318934,0
0,0,0,0,0,2023-05-09 00:25:48.319107,0
0,0,0,0,0,2023-05-09 00:25:49.319781,0
0,0,0,0,0,2023-05-09 00:25:50.319935,0
0,0,0,0,0,2023-05-09 00:25:51.320857,0
0,0,0,0,0,2023-05-09 00:25:52.321006,0
0,0,0,0,0,2023-05-09 00:25:53.321307,0
0,0,0,0,0,2023-05-09 00:25:54.322304,0
0,0,0,0,0,2023-05-09 00:25:55.323001,0
0,0,0,0,0,2023-05-09 00:25:56.323593,0
0,0,0,0,0,2023-05-09 00:25:57.323593,0
0,0,0,0,0,2023-05-09 00:25:58.323968,0
0,0,0,0,0,2023-05-09 00:25:59.324070,0
0,0,0,0,0,2023-05-09 00:26:00.324102,0
0,0,0,0,0,2023-05-09 00:26:01.324269,0
0,0,0,0,0,2023-05-09 00:26:04.325551,0
0,0,0,0,0,2023-05-09 00:26:05.326294,0
0,0,0,0,0,2023-05-09 00:26:08.327812,0
0,0,0,0,0,2023-05-09 00:26:09.328728,0
0,0,0,0,0,2023-05-09 00:26:10.328871,0
0,0,0,0,0,2023-05-09 00:26:11.329156,0
0,0,0,0,0,2023-05-09 00:26:13.330468,0
0,0,0,0,0,2023-05-09 00:26:26.334794,0
0,0,0,0,0,2023-05-09 00:26:28.335950,0
0,0,0,0,0,2023-05-09 00:26:29.336640,0
0,0,0,0,0,2023-05-09 00:26:31.336869,0
0,0,0,0,0,2023-05-09 00:26:33.337965,0
0,0,0,0,0,2023-05-09 00:26:35.339177,0
0,0,0,0,0,2023-05-09 00:26:39.109267,0
0,0,0,0,0,2023-05-09 00:26:40.110247,0
0,0,0,0,0,2023-05-09 00:26:41.110338,0
0,0,0,0,0,2023-05-09 00:26:42.110341,0
0,0,0,0,0,2023-05-09 00:26:43.110760,0
0,0,0,0,0,2023-05-09 00:26:44.110847,0
0,0,0,0,0,2023-05-09 00:26:45.111082,0
0,0,0,0,0,2023-05-09 00:26:46.111195,0
0,0,0,0,0,2023-05-09 00:26:47.111266,0
0,0,0,0,0,2023-05-09 00:26:48.111844,0
0,0,0,0,0,2023-05-09 00:26:49.112530,0
0,0,0,0,0,2023-05-09 00:26:50.113025,0
0,0,0,0,0,2023-05-09 00:26:52.113683,0
0,0,0,0,0,2023-05-09 00:26:53.114360,0
0,0,0,0,0,2023-05-09 00:26:54.115323,0
0,0,0,0,0,2023-05-09 00:26:55.116264,0
0,0,0,0,0,2023-05-09 00:26:56.117257,0
0,0,0,0,0,2023-05-09 00:26:57.117634,0
0,0,0,0,0,2023-05-09 00:26:58.118332,0
0,0,0,0,0,2023-05-09 00:26:59.119233,0
0,0,0,0,0,2023-05-09 00:27:00.119674,0
0,0,0,0,0,2023-05-09 00:27:01.120603,0
0,0,0,0,0,2023-05-09 00:27:03.120680,0
0,0,0,0,0,2023-05-09 00:27:04.121595,0
0,0,0,0,0,2023-05-09 00:27:05.121911,0
0,0,0,0,0,2023-05-09 00:27:06.122862,0
0,0,0,0,0,2023-05-09 00:27:07.123546,0
0,0,0,0,0,2023-05-09 00:27:08.123762,0
0,0,0,0,0,2023-05-09 00:27:09.124702,0
0,0,0,0,0,2023-05-09 00:27:10.125698,0
0,0,0,0,0,2023-05-09 00:27:12.125788,0
0,0,0,0,0,2023-05-09 00:27:13.126020,0
0,0,0,0,0,2023-05-09 00:27:15.127950,0
0,0,0,0,0,2023-05-09 00:27:16.128007,0
0,0,0,0,0,2023-05-09 00:27:17.128020,0
0,0,0,0,0,2023-05-09 00:27:18.129018,0
0,0,0,0,0,2023-05-09 00:27:19.129527,0
0,0,0,0,0,2023-05-09 00:27:20.130504,0
0,0,0,0,0,2023-05-09 00:27:21.130556,0
0,0,0,0,0,2023-05-09 00:27:22.130989,0
0,0,0,0,0,2023-05-09 00:27:23.131736,0
0,0,0,0,0,2023-05-09 00:27:24.132706,0
0,0,0,0,0,2023-05-09 00:27:25.133625,0
0,0,0,0,0,2023-05-09 00:27:26.134392,0
0,0,0,0,0,2023-05-09 00:27:27.134427,0
0,0,0,0,0,2023-05-09 00:27:29.135341,0
0,0,0,0,0,2023-05-09 00:27:30.135542,0
0,0,0,0,0,2023-05-09 00:27:31.136010,0
0,0,0,0,0,2023-05-09 00:27:32.136103,0
0,0,0,0,0,2023-05-09 00:27:33.136115,0
0,0,0,0,0,2023-05-09 00:27:34.136701,0
0,0,0,0,0,2023-05-09 00:27:35.136782,0
0,0,0,0,0,2023-05-09 00:27:36.136966,0
0,0,0,0,0,2023-05-09 00:27:37.137049,0
0,0,0,0,0,2023-05-09 00:27:38.137226,0
0,0,0,0,0,2023-05-09 00:27:39.137248,0
0,0,0,0,0,2023-05-09 00:27:40.137396,0
0,0,0,0,0,2023-05-09 00:27:41.137646,0
0,0,0,0,0,2023-05-09 00:27:42.138057,0
0,0,0,0,0,2023-05-09 00:27:43.138569,0
0,0,0,0,0,2023-05-09 00:27:45.140010,0
0,0,0,0,0,2023-05-09 00:27:46.140585,0
0,0,0,0,0,2023-05-09 00:27:47.141124,0
0,0,0,0,0,2023-05-09 00:27:48.141934,0
0,0,0,0,0,2023-05-09 00:27:49.142109,0
0,0,0,0,0,2023-05-09 00:27:50.142703,0
0,0,0,0,0,2023-05-09 00:27:51.143627,0
0,0,0,0,0,2023-05-09 00:27:52.143703,0
0,0,0,0,0,2023-05-09 00:27:53.144471,0
0,0,0,0,0,2023-05-09 00:27:54.144610,0
0,0,0,0,0,2023-05-09 00:27:55.145447,0
0,0,0,0,0,2023-05-09 00:27:56.145937,0
0,0,0,0,0,2023-05-09 00:27:57.146453,0
0,0,0,0,0,2023-05-09 00:27:58.146671,0
0,0,0,0,0,2023-05-09 00:27:59.147606,0
0,0,0,0,0,2023-05-09 00:28:01.148799,0
0,0,0,0,0,2023-05-09 00:28:02.149391,0
0,0,0,0,0,2023-05-09 00:28:03.149984,0
0,0,0,0,0,2023-05-09 00:28:04.150587,0
0,0,0,0,0,2023-05-09 00:28:05.150872,0
0,0,0,0,0,2023-05-09 00:28:08.152333,0
0,0,0,0,0,2023-05-09 00:28:09.153410,0
0,0,0,0,0,2023-05-09 00:28:10.153617,0
0,0,0,0,0,2023-05-09 00:28:11.154229,0
0,0,0,0,0,2023-05-09 00:28:12.154270,0
0,0,0,0,0,2023-05-09 00:28:14.155938,0
0,0,0,0,0,2023-05-09 00:28:15.155938,0
0,0,0,0,0,2023-05-09 00:28:16.156168,0
0,0,0,0,0,2023-05-09 00:28:17.157134,0
0,0,0,0,0,2023-05-09 00:28:18.158124,0
0,0,0,0,0,2023-05-09 00:28:19.158134,0
0,0,0,0,0,2023-05-09 00:28:20.158207,0
0,0,0,0,0,2023-05-09 00:28:21.159207,0
0,0,0,0,0,2023-05-09 00:28:22.160129,0
0,0,0,0,0,2023-05-09 00:28:23.161203,0
0,0,0,0,0,2023-05-09 00:28:24.161211,0
0,0,0,0,0,2023-05-09 00:28:25.161377,0
0,0,0,0,0,2023-05-09 00:28:26.161389,0
0,0,0,0,0,2023-05-09 00:28:27.161475,0
0,0,0,0,0,2023-05-09 00:28:28.161485,0
0,0,0,0,0,2023-05-09 00:28:30.162489,0
0,0,0,0,0,2023-05-09 00:28:31.162978,0
0,0,0,0,0,2023-05-09 00:28:32.163045,0
0,0,0,0,0,2023-05-09 00:28:33.163257,0
0,0,0,0,0,2023-05-09 00:28:34.164262,0
0,0,0,0,0,2023-05-09 00:28:35.164271,0
0,0,0,0,0,2023-05-09 00:28:36.164915,0
0,0,0,0,0,2023-05-09 00:28:37.165280,0
0,0,0,0,0,2023-05-09 00:28:38.165643,0
0,0,0,0,0,2023-05-09 00:28:39.166466,0
0,0,0,0,0,2023-05-09 00:28:40.166565,0
0,0,0,0,0,2023-05-09 00:28:41.167470,0
0,0,0,0,0,2023-05-09 00:28:42.167479,0
0,0,0,0,0,2023-05-09 00:28:43.168469,0
0,0,0,0,0,2023-05-09 00:28:44.168493,0
0,0,0,0,0,2023-05-09 00:28:45.168499,0
0,0,0,0,0,2023-05-09 00:28:46.168575,0
0,0,0,0,0,2023-05-09 00:28:47.169505,0
0,0,0,0,0,2023-05-09 00:28:48.169577,0
0,0,0,0,0,2023-05-09 00:28:49.170118,0
0,0,0,0,0,2023-05-09 00:28:50.170568,0
0,0,0,0,0,2023-05-09 00:28:51.170632,0
0,0,0,0,0,2023-05-09 00:28:52.171624,0
0,0,0,0,0,2023-05-09 00:28:53.172638,0
0,0,0,0,0,2023-05-09 00:28:54.172827,0
0,0,0,0,0,2023-05-09 00:28:55.172904,0
0,0,0,0,0,2023-05-09 00:28:56.173243,0
0,0,0,0,0,2023-05-09 00:28:57.174166,0
0,0,0,0,0,2023-05-09 00:28:58.174775,0
0,0,0,0,0,2023-05-09 00:28:59.175111,0
0,0,0,0,0,2023-05-09 00:29:00.175114,0
0,0,0,0,0,2023-05-09 00:29:01.176132,0
0,0,0,0,0,2023-05-09 00:29:03.177675,0
0,0,0,0,0,2023-05-09 00:29:04.177766,0
0,0,0,0,0,2023-05-09 00:29:06.178789,0
0,0,0,0,0,2023-05-09 00:29:07.179699,0
0,0,0,0,0,2023-05-09 00:29:11.180619,0
0,0,0,0,0,2023-05-09 00:29:12.181366,0
0,0,0,0,0,2023-05-09 00:29:15.183504,0
0,0,0,0,0,2023-05-09 00:29:16.183527,0
0,0,0,0,0,2023-05-09 00:29:18.184535,0
0,0,0,0,0,2023-05-09 00:29:19.185128,0
0,0,0,0,0,2023-05-09 00:29:20.185419,0
0,0,0,0,0,2023-05-09 00:29:22.185633,0
0,0,0,0,0,2023-05-09 00:29:23.186569,0
0,0,0,0,0,2023-05-09 00:29:24.187082,0
0,0,0,0,0,2023-05-09 00:29:25.187989,0
0,0,0,0,0,2023-05-09 00:29:26.188095,0
0,0,0,0,0,2023-05-09 00:29:27.188357,0
0,0,0,0,0,2023-05-09 00:29:28.189344,0
0,0,0,0,0,2023-05-09 00:29:29.190119,0
0,0,0,0,0,2023-05-09 00:29:30.191036,0
0,0,0,0,0,2023-05-09 00:29:32.191386,0
0,0,0,0,0,2023-05-09 00:29:33.191858,0
0,0,0,0,0,2023-05-09 00:29:34.192180,0
0,0,0,0,0,2023-05-09 00:29:35.192652,0
0,0,0,0,0,2023-05-09 00:29:36.192902,0
0,0,0,0,0,2023-05-09 00:29:37.192993,0
0,0,0,0,0,2023-05-09 00:29:38.193413,0
0,0,0,0,0,2023-05-09 00:29:39.193508,0
0,0,0,0,0,2023-05-09 00:29:40.194417,0
0,0,0,0,0,2023-05-09 00:29:41.194988,0
0,0,0,0,0,2023-05-09 00:29:42.194990,0
0,0,0,0,0,2023-05-09 00:29:43.195585,0
0,0,0,0,0,2023-05-09 00:29:44.196583,0
0,0,0,0,0,2023-05-09 00:29:45.196703,0
0,0,0,0,0,2023-05-09 00:29:46.197171,0
0,0,0,0,0,2023-05-09 00:29:47.197204,0
0,0,0,0,0,2023-05-09 00:29:48.197849,0
0,0,0,0,0,2023-05-09 00:29:49.197888,0
0,0,0,0,0,2023-05-09 00:29:50.198375,0
0,0,0,0,0,2023-05-09 00:29:52.198906,0
0,0,0,0,0,2023-05-09 00:29:53.199763,0
0,0,0,0,0,2023-05-09 00:29:54.199963,0
0,0,0,0,0,2023-05-09 00:29:55.200706,0
0,0,0,0,0,2023-05-09 00:29:56.200794,0
0,0,0,0,0,2023-05-09 00:29:57.200992,0
0,0,0,0,0,2023-05-09 00:29:58.201338,0
0,0,0,0,0,2023-05-09 00:29:59.202316,0
0,0,0,0,0,2023-05-09 00:30:00.202354,0
0,0,0,0,0,2023-05-09 00:30:01.202789,0
0,0,0,0,0,2023-05-09 00:30:02.203030,0
0,0,0,0,0,2023-05-09 00:30:04.203631,0
0,0,0,0,0,2023-05-09 00:30:05.204541,0
0,0,0,0,0,2023-05-09 00:30:06.204622,0
0,0,0,0,0,2023-05-09 00:30:07.205010,0
0,0,0,0,0,2023-05-09 00:30:08.205438,0
0,0,0,0,0,2023-05-09 00:30:09.205660,0
0,0,0,0,0,2023-05-09 00:30:10.205663,0
0,0,0,0,0,2023-05-09 00:30:11.206626,0
0,0,0,0,0,2023-05-09 00:30:12.206798,0
0,0,0,0,0,2023-05-09 00:30:13.206801,0
0,0,0,0,0,2023-05-09 00:30:14.207120,0
0,0,0,0,0,2023-05-09 00:30:15.207206,0
0,0,0,0,0,2023-05-09 00:30:16.208209,0
0,0,0,0,0,2023-05-09 00:30:17.208565,0
0,0,0,0,0,2023-05-09 00:30:18.209350,0
0,0,0,0,0,2023-05-09 00:30:20.210359,0
0,0,0,0,0,2023-05-09 00:30:21.210421,0
0,0,0,0,0,2023-05-09 00:30:22.210609,0
0,0,0,0,0,2023-05-09 00:30:23.211514,0
0,0,0,0,0,2023-05-09 00:30:24.211654,0
0,0,0,0,0,2023-05-09 00:30:26.213080,0
0,0,0,0,0,2023-05-09 00:30:27.213582,0
0,0,0,0,0,2023-05-09 00:30:29.213625,0
0,0,0,0,0,2023-05-09 00:30:31.215129,0
0,0,0,0,0,2023-05-09 00:30:33.215533,0
0,0,0,0,0,2023-05-09 00:30:34.216472,0
0,0,0,0,0,2023-05-09 00:30:35.217473,0
0,0,0,0,0,2023-05-09 00:30:36.217587,0
0,0,0,0,0,2023-05-09 00:30:37.217751,0
0,0,0,0,0,2023-05-09 00:30:41.219634,0
0,0,0,0,0,2023-05-09 00:30:44.220751,0
0,0,0,0,0,2023-05-09 00:30:45.221152,0
0,0,0,0,0,2023-05-09 00:30:46.221385,0
0,0,0,0,0,2023-05-09 00:30:47.221488,0
0,0,0,0,0,2023-05-09 00:30:48.222413,0
0,0,0,0,0,2023-05-09 00:30:49.222503,0
0,0,0,0,0,2023-05-09 00:30:50.223096,0
0,0,0,0,0,2023-05-09 00:30:52.225086,0
0,0,0,0,0,2023-05-09 00:30:53.225100,0
0,0,0,0,0,2023-05-09 00:30:54.226098,0
0,0,0,0,0,2023-05-09 00:30:55.226280,0
0,0,0,0,0,2023-05-09 00:30:56.227200,0
0,0,0,0,0,2023-05-09 00:30:57.227355,0
0,0,0,0,0,2023-05-09 00:30:58.228202,0
0,0,0,0,0,2023-05-09 00:31:01.230104,0
0,0,0,0,0,2023-05-09 00:31:02.230600,0
0,0,0,0,0,2023-05-09 00:31:03.231070,0
0,0,0,0,0,2023-05-09 00:31:05.231807,0
0,0,0,0,0,2023-05-09 00:31:06.232083,0
0,0,0,0,0,2023-05-09 00:31:07.233085,0
0,0,0,0,0,2023-05-09 00:31:08.233477,0
0,0,0,0,0,2023-05-09 00:31:09.233905,0
0,0,0,0,0,2023-05-09 00:31:10.234860,0
0,0,0,0,0,2023-05-09 00:31:12.280793,0
0,0,0,0,0,2023-05-09 00:31:13.280979,0
0,0,0,0,0,2023-05-09 00:31:14.281077,0
0,0,0,0,0,2023-05-09 00:31:16.282254,0
0,0,0,0,0,2023-05-09 00:31:17.283157,0
0,0,0,0,0,2023-05-09 00:31:18.283251,0
0,0,0,0,0,2023-05-09 00:31:19.284156,0
0,0,0,0,0,2023-05-09 00:31:20.284260,0
0,0,0,0,0,2023-05-09 00:31:21.285159,0
0,0,0,0,0,2023-05-09 00:31:22.285748,0
0,0,0,0,0,2023-05-09 00:31:23.286318,0
0,0,0,0,0,2023-05-09 00:31:24.286406,0
0,0,0,0,0,2023-05-09 00:31:25.286631,0
0,0,0,0,0,2023-05-09 00:31:26.286733,0
0,0,0,0,0,2023-05-09 00:31:27.287634,0
0,0,0,0,0,2023-05-09 00:31:28.287723,0
0,0,0,0,0,2023-05-09 00:31:29.288634,0
0,0,0,0,0,2023-05-09 00:31:30.289437,0
0,0,0,0,0,2023-05-09 00:31:31.290096,0
0,0,0,0,0,2023-05-09 00:31:32.290183,0
0,0,0,0,0,2023-05-09 00:31:33.290662,0
0,0,0,0,0,2023-05-09 00:31:34.290880,0
0,0,0,0,0,2023-05-09 00:31:35.291516,0
0,0,0,0,0,2023-05-09 00:31:36.292052,0
0,0,0,0,0,2023-05-09 00:31:37.292121,0
0,0,0,0,0,2023-05-09 00:31:38.293025,0
0,0,0,0,0,2023-05-09 00:31:42.293942,0
0,0,0,0,0,2023-05-09 00:31:44.294768,0
0,0,0,0,0,2023-05-09 00:31:45.295746,0
0,0,0,0,0,2023-05-09 00:31:47.296658,0
0,0,0,0,0,2023-05-09 00:31:50.299064,0
0,0,0,0,0,2023-05-09 00:31:51.300039,0
0,0,0,0,0,2023-05-09 00:31:55.302981,0
0,0,0,0,0,2023-05-09 00:31:56.303147,0
0,0,0,0,0,2023-05-09 00:31:57.303318,0
0,0,0,0,0,2023-05-09 00:32:00.305964,0
0,0,0,0,0,2023-05-09 00:32:01.306081,0
0,0,0,0,0,2023-05-09 00:32:02.306960,0
0,0,0,0,0,2023-05-09 00:32:04.307053,0
0,0,0,0,0,2023-05-09 00:32:05.307178,0
0,0,0,0,0,2023-05-09 00:32:06.307329,0
0,0,0,0,0,2023-05-09 00:32:08.308260,0
0,0,0,0,0,2023-05-09 00:32:10.309932,0
0,0,0,0,0,2023-05-09 00:32:13.311689,0
0,0,0,0,0,2023-05-09 00:32:14.312120,0
0,0,0,0,0,2023-05-09 00:32:16.313119,0
0,0,0,0,0,2023-05-09 00:32:18.313447,0
0,0,0,0,0,2023-05-09 00:32:19.313621,0
0,0,0,0,0,2023-05-09 00:32:21.314615,0
0,0,0,0,0,2023-05-09 00:32:23.315073,0
0,0,0,0,0,2023-05-09 00:32:25.315920,0
0,0,0,0,0,2023-05-09 00:32:26.316034,0
0,0,0,0,0,2023-05-09 00:32:29.318287,0
0,0,0,0,0,2023-05-09 00:32:30.318505,0
0,0,0,0,0,2023-05-09 00:32:34.337350,0
0,0,0,0,0,2023-05-09 00:32:35.337907,0
0,0,0,0,0,2023-05-09 00:32:36.338899,0
0,0,0,0,0,2023-05-09 00:32:37.339686,0
0,0,0,0,0,2023-05-09 00:32:38.340685,0
0,0,0,0,0,2023-05-09 00:32:39.341490,0
0,0,0,0,0,2023-05-09 00:32:40.341504,0
0,0,0,0,0,2023-05-09 00:32:41.341952,0
0,0,0,0,0,2023-05-09 00:32:42.342518,0
0,0,0,0,0,2023-05-09 00:32:43.343371,0
0,0,0,0,0,2023-05-09 00:32:44.343438,0
0,0,0,0,0,2023-05-09 00:32:45.343445,0
0,0,0,0,0,2023-05-09 00:32:46.344452,0
0,0,0,0,0,2023-05-09 00:32:47.344983,0
0,0,0,0,0,2023-05-09 00:32:48.345965,0
0,0,0,0,0,2023-05-09 00:32:49.346871,0
0,0,0,0,0,2023-05-09 00:32:50.346955,0
0,0,0,0,0,2023-05-09 00:32:51.347875,0
0,0,0,0,0,2023-05-09 00:32:52.347954,0
0,0,0,0,0,2023-05-09 00:32:53.348876,0
0,0,0,0,0,2023-05-09 00:32:54.349861,0
0,0,0,0,0,2023-05-09 00:32:56.350629,0
0,0,0,0,0,2023-05-09 00:32:57.350729,0
0,0,0,0,0,2023-05-09 00:32:58.351391,0
0,0,0,0,0,2023-05-09 00:32:59.351890,0
0,0,0,0,0,2023-05-09 00:33:00.352512,0
0,0,0,0,0,2023-05-09 00:33:01.352927,0
0,0,0,0,0,2023-05-09 00:33:02.352937,0
0,0,0,0,0,2023-05-09 00:33:03.352951,0
0,0,0,0,0,2023-05-09 00:33:05.354360,0
0,0,0,0,0,2023-05-09 00:33:07.354997,0
0,0,0,0,0,2023-05-09 00:33:08.355706,0
0,0,0,0,0,2023-05-09 00:33:09.356170,0
0,0,0,0,0,2023-05-09 00:33:10.356589,0
0,0,0,0,0,2023-05-09 00:33:11.356675,0
0,0,0,0,0,2023-05-09 00:33:12.356679,0
0,0,0,0,0,2023-05-09 00:33:13.357277,0
0,0,0,0,0,2023-05-09 00:33:15.357746,0
0,0,0,0,0,2023-05-09 00:33:16.358277,0
0,0,0,0,0,2023-05-09 00:33:17.358829,0
0,0,0,0,0,2023-05-09 00:33:18.359013,0
0,0,0,0,0,2023-05-09 00:33:19.359232,0
0,0,0,0,0,2023-05-09 00:33:25.362045,0
0,0,0,0,0,2023-05-09 00:33:26.362066,0
0,0,0,0,0,2023-05-09 00:33:27.362360,0
0,0,0,0,0,2023-05-09 00:33:28.362961,0
0,0,0,0,0,2023-05-09 00:33:29.363091,0
0,0,0,0,0,2023-05-09 00:33:30.363760,0
0,0,0,0,0,2023-05-09 00:33:31.363764,0
0,0,0,0,0,2023-05-09 00:33:32.363771,0
0,0,0,0,0,2023-05-09 00:33:33.364362,0
0,0,0,0,0,2023-05-09 00:33:34.364381,0
0,0,0,0,0,2023-05-09 00:33:35.365375,0
0,0,0,0,0,2023-05-09 00:33:36.365442,0
0,0,0,0,0,2023-05-09 00:33:37.366417,0
0,0,0,0,0,2023-05-09 00:33:38.367092,0
0,0,0,0,0,2023-05-09 00:33:39.367638,0
0,0,0,0,0,2023-05-09 00:33:40.368547,0
0,0,0,0,0,2023-05-09 00:33:41.368885,0
0,0,0,0,0,2023-05-09 00:33:42.368891,0
0,0,0,0,0,2023-05-09 00:33:43.369804,0
0,0,0,0,0,2023-05-09 00:33:44.370638,0
0,0,0,0,0,2023-05-09 00:33:45.371309,0
0,0,0,0,0,2023-05-09 00:33:46.371369,0
0,0,0,0,0,2023-05-09 00:33:47.371575,0
0,0,0,0,0,2023-05-09 00:33:49.373489,0
0,0,0,0,0,2023-05-09 00:33:50.374044,0
0,0,0,0,0,2023-05-09 00:33:52.375714,0
0,0,0,0,0,2023-05-09 00:33:53.376380,0
0,0,0,0,0,2023-05-09 00:33:54.376889,0
0,0,0,0,0,2023-05-09 00:33:55.376902,0
0,0,0,0,0,2023-05-09 00:33:56.377494,0
0,0,0,0,0,2023-05-09 00:33:57.378130,0
0,0,0,0,0,2023-05-09 00:33:58.378402,0
0,0,0,0,0,2023-05-09 00:33:59.378589,0
0,0,0,0,0,2023-05-09 00:34:00.379284,0
0,0,0,0,0,2023-05-09 00:34:01.380157,0
0,0,0,0,0,2023-05-09 00:34:02.380250,0
0,0,0,0,0,2023-05-09 00:34:03.380353,0
0,0,0,0,0,2023-05-09 00:34:04.380364,0
0,0,0,0,0,2023-05-09 00:34:05.380645,0
0,0,0,0,0,2023-05-09 00:34:06.381602,0
0,0,0,0,0,2023-05-09 00:34:07.381673,0
0,0,0,0,0,2023-05-09 00:34:08.381881,0
0,0,0,0,0,2023-05-09 00:34:09.382305,0
0,0,0,0,0,2023-05-09 00:34:10.382339,0
0,0,0,0,0,2023-05-09 00:34:13.384747,0
0,0,0,0,0,2023-05-09 00:34:14.384777,0
0,0,0,0,0,2023-05-09 00:34:15.385508,0
0,0,0,0,0,2023-05-09 00:34:16.386437,0
0,0,0,0,0,2023-05-09 00:34:17.387422,0
0,0,0,0,0,2023-05-09 00:34:18.388343,0
0,0,0,0,0,2023-05-09 00:34:19.389336,0
0,0,0,0,0,2023-05-09 00:34:20.389845,0
0,0,0,0,0,2023-05-09 00:34:21.390247,0
0,0,0,0,0,2023-05-09 00:34:22.390481,0
0,0,0,0,0,2023-05-09 00:34:23.390627,0
0,0,0,0,0,2023-05-09 00:34:24.391337,0
0,0,0,0,0,2023-05-09 00:34:25.391388,0
0,0,0,0,0,2023-05-09 00:34:27.392476,0
0,0,0,0,0,2023-05-09 00:34:28.393083,0
0,0,0,0,0,2023-05-09 00:34:29.393612,0
0,0,0,0,0,2023-05-09 00:34:30.393613,0
0,0,0,0,0,2023-05-09 00:34:31.394119,0
0,0,0,0,0,2023-05-09 00:34:32.394201,0
0,0,0,0,0,2023-05-09 00:34:33.394790,0
0,0,0,0,0,2023-05-09 00:34:34.394970,0
0,0,0,0,0,2023-05-09 00:34:35.395186,0
0,0,0,0,0,2023-05-09 00:34:36.395825,0
0,0,0,0,0,2023-05-09 00:34:37.395917,0
0,0,0,0,0,2023-05-09 00:34:38.395963,0
0,0,0,0,0,2023-05-09 00:34:39.396874,0
0,0,0,0,0,2023-05-09 00:34:40.397761,0
0,0,0,0,0,2023-05-09 00:34:42.398555,0
0,0,0,0,0,2023-05-09 00:34:43.399004,0
0,0,0,0,0,2023-05-09 00:34:44.400089,0
0,0,0,0,0,2023-05-09 00:34:45.401007,0
0,0,0,0,0,2023-05-09 00:34:46.401464,0
0,0,0,0,0,2023-05-09 00:34:47.402374,0
0,0,0,0,0,2023-05-09 00:34:48.402591,0
0,0,0,0,0,2023-05-09 00:34:49.403316,0
0,0,0,0,0,2023-05-09 00:34:50.404233,0
0,0,0,0,0,2023-05-09 00:34:51.404540,0
0,0,0,0,0,2023-05-09 00:34:52.404627,0
0,0,0,0,0,2023-05-09 00:34:53.405549,0
0,0,0,0,0,2023-05-09 00:34:54.405549,0
0,0,0,0,0,2023-05-09 00:34:55.405621,0
0,0,0,0,0,2023-05-09 00:34:56.405624,0
0,0,0,0,0,2023-05-09 00:35:07.609438,0
0,0,0,0,0,2023-05-09 00:35:10.610716,0
0,0,0,0,0,2023-05-09 00:35:11.610744,0
0,0,0,0,0,2023-05-09 00:35:12.610875,0
0,0,0,0,0,2023-05-09 00:35:13.611805,0
0,0,0,0,0,2023-05-09 00:35:14.611892,0
0,0,0,0,0,2023-05-09 00:35:15.612308,0
0,0,0,0,0,2023-05-09 00:35:16.612353,0
0,0,0,0,0,2023-05-09 00:35:17.612400,0
0,0,0,0,0,2023-05-09 00:35:18.612816,0
0,0,0,0,0,2023-05-09 00:35:19.612933,0
0,0,0,0,0,2023-05-09 00:35:22.614164,0
0,0,0,0,0,2023-05-09 00:35:23.615076,0
0,0,0,0,0,2023-05-09 00:35:24.615538,0
0,0,0,0,0,2023-05-09 00:35:25.616567,0
0,0,0,0,0,2023-05-09 00:35:26.617152,0
0,0,0,0,0,2023-05-09 00:35:27.617649,0
0,0,0,0,0,2023-05-09 00:35:28.617753,0
0,0,0,0,0,2023-05-09 00:35:30.618572,0
0,0,0,0,0,2023-05-09 00:35:31.619006,0
0,0,0,0,0,2023-05-09 00:35:32.619091,0
0,0,0,0,0,2023-05-09 00:35:33.620089,0
0,0,0,0,0,2023-05-09 00:35:34.620627,0
0,0,0,0,0,2023-05-09 00:35:35.621613,0
0,0,0,0,0,2023-05-09 00:35:36.622059,0
0,0,0,0,0,2023-05-09 00:35:37.622572,0
0,0,0,0,0,2023-05-09 00:35:38.622583,0
0,0,0,0,0,2023-05-09 00:35:40.623570,0
0,0,0,0,0,2023-05-09 00:35:41.624085,0
0,0,0,0,0,2023-05-09 00:35:42.624980,0
0,0,0,0,0,2023-05-09 00:35:44.625982,0
0,0,0,0,0,2023-05-09 00:35:45.626317,0
0,0,0,0,0,2023-05-09 00:35:46.627026,0
0,0,0,0,0,2023-05-09 00:35:47.627453,0
0,0,0,0,0,2023-05-09 00:35:48.628183,0
0,0,0,0,0,2023-05-09 00:35:49.628188,0
0,0,0,0,0,2023-05-09 00:35:51.628668,0
0,0,0,0,0,2023-05-09 00:35:52.629657,0
0,0,0,0,0,2023-05-09 00:35:53.630247,0
0,0,0,0,0,2023-05-09 00:35:56.630386,0
0,0,0,0,0,2023-05-09 00:35:57.631111,0
0,0,0,0,0,2023-05-09 00:35:58.631138,0
0,0,0,0,0,2023-05-09 00:36:00.631674,0
0,0,0,0,0,2023-05-09 00:36:01.632185,0
0,0,0,0,0,2023-05-09 00:36:02.632187,0
0,0,0,0,0,2023-05-09 00:36:03.632774,0
0,0,0,0,0,2023-05-09 00:36:05.633771,0
0,0,0,0,0,2023-05-09 00:36:07.635508,0
0,0,0,0,0,2023-05-09 00:36:11.637104,0
0,0,0,0,0,2023-05-09 00:36:14.638303,0
0,0,0,0,0,2023-05-09 00:36:16.639926,0
0,0,0,0,0,2023-05-09 00:36:18.641489,0
0,0,0,0,0,2023-05-09 00:36:20.642801,0
0,0,0,0,0,2023-05-09 00:36:21.642818,0
0,0,0,0,0,2023-05-09 00:36:24.644239,0
0,0,0,0,0,2023-05-09 00:36:27.645854,0
0,0,0,0,0,2023-05-09 00:36:32.648591,0
0,0,0,0,0,2023-05-09 00:36:34.650373,0
0,0,0,0,0,2023-05-09 00:36:35.650600,0
0,0,0,0,0,2023-05-09 00:36:38.652313,0
0,0,0,0,0,2023-05-09 00:36:39.652538,0
0,0,0,0,0,2023-05-09 00:36:40.653197,0
0,0,0,0,0,2023-05-09 00:36:41.653392,0
0,0,0,0,0,2023-05-09 00:36:42.653618,0
0,0,0,0,0,2023-05-09 00:36:43.653712,0
0,0,0,0,0,2023-05-09 00:36:45.654729,0
0,0,0,0,0,2023-05-09 00:36:47.655728,0
0,0,0,0,0,2023-05-09 00:36:49.656783,0
0,0,0,0,0,2023-05-09 00:36:51.657379,0
0,0,0,0,0,2023-05-09 00:36:56.659316,0
0,0,0,0,0,2023-05-09 00:36:57.660230,0
0,0,0,0,0,2023-05-09 00:36:58.661121,0
0,0,0,0,0,2023-05-09 00:36:59.661716,0
0,0,0,0,0,2023-05-09 00:37:01.662711,0
0,0,0,0,0,2023-05-09 00:37:02.662728,0
0,0,0,0,0,2023-05-09 00:37:03.662930,0
0,0,0,0,0,2023-05-09 00:37:04.663426,0
0,0,0,0,0,2023-05-09 00:37:05.664004,0
0,0,0,0,0,2023-05-09 00:37:06.664939,0
0,0,0,0,0,2023-05-09 00:37:07.665088,0
0,0,0,0,0,2023-05-09 00:37:08.665541,0
0,0,0,0,0,2023-05-09 00:37:09.665637,0
0,0,0,0,0,2023-05-09 00:37:10.665739,0
0,0,0,0,0,2023-05-09 00:37:11.666335,0
0,0,0,0,0,2023-05-09 00:37:12.666569,0
0,0,0,0,0,2023-05-09 00:37:13.666599,0
0,0,0,0,0,2023-05-09 00:37:15.667586,0
0,0,0,0,0,2023-05-09 00:37:18.668570,0
0,0,0,0,0,2023-05-09 00:37:20.669647,0
0,0,0,0,0,2023-05-09 00:37:22.670696,0
0,0,0,0,0,2023-05-09 00:37:23.670907,0
0,0,0,0,0,2023-05-09 00:37:25.671462,0
0,0,0,0,0,2023-05-09 00:37:27.672862,0
0,0,0,0,0,2023-05-09 00:37:28.672876,0
0,0,0,0,0,2023-05-09 00:37:29.673006,0
0,0,0,0,0,2023-05-09 00:37:30.673043,0
0,0,0,0,0,2023-05-09 00:37:31.673966,0
0,0,0,0,0,2023-05-09 00:37:32.832083,0
0,0,0,0,0,2023-05-09 00:37:33.832589,0
0,0,0,0,0,2023-05-09 00:37:34.833213,0
0,0,0,0,0,2023-05-09 00:37:35.834215,0
0,0,0,0,0,2023-05-09 00:37:36.834430,0
0,0,0,0,0,2023-05-09 00:37:38.835631,0
0,0,0,0,0,2023-05-09 00:37:39.835698,0
0,0,0,0,0,2023-05-09 00:37:42.838130,0
0,0,0,0,0,2023-05-09 00:37:43.838217,0
0,0,0,0,0,2023-05-09 00:37:44.838930,0
0,0,0,0,0,2023-05-09 00:37:45.839111,0
0,0,0,0,0,2023-05-09 00:37:46.839166,0
0,0,0,0,0,2023-05-09 00:37:47.839167,0
0,0,0,0,0,2023-05-09 00:37:48.839183,0
0,0,0,0,0,2023-05-09 00:37:49.839787,0
0,0,0,0,0,2023-05-09 00:37:50.840302,0
0,0,0,0,0,2023-05-09 00:37:51.840526,0
0,0,0,0,0,2023-05-09 00:37:52.840957,0
0,0,0,0,0,2023-05-09 00:37:53.841265,0
0,0,0,0,0,2023-05-09 00:37:54.841783,0
0,0,0,0,0,2023-05-09 00:37:55.841923,0
0,0,0,0,0,2023-05-09 00:37:56.842695,0
0,0,0,0,0,2023-05-09 00:37:57.843692,0
0,0,0,0,0,2023-05-09 00:37:58.844618,0
0,0,0,0,0,2023-05-09 00:38:00.845829,0
0,0,0,0,0,2023-05-09 00:38:01.846351,0
0,0,0,0,0,2023-05-09 00:38:02.846368,0
0,0,0,0,0,2023-05-09 00:38:03.846959,0
0,0,0,0,0,2023-05-09 00:38:04.847951,0
0,0,0,0,0,2023-05-09 00:38:05.847963,0
0,0,0,0,0,2023-05-09 00:38:06.848045,0
0,0,0,0,0,2023-05-09 00:38:07.848925,0
0,0,0,0,0,2023-05-09 00:38:08.849067,0
0,0,0,0,0,2023-05-09 00:38:09.849618,0
0,0,0,0,0,2023-05-09 00:38:10.849840,0
0,0,0,0,0,2023-05-09 00:38:11.850403,0
0,0,0,0,0,2023-05-09 00:38:12.850643,0
0,0,0,0,0,2023-05-09 00:38:13.850879,0
0,0,0,0,0,2023-05-09 00:38:14.851151,0
0,0,0,0,0,2023-05-09 00:38:15.852023,0
0,0,0,0,0,2023-05-09 00:38:17.852996,0
0,0,0,0,0,2023-05-09 00:38:18.853993,0
0,0,0,0,0,2023-05-09 00:38:19.854082,0
0,0,0,0,0,2023-05-09 00:38:20.854702,0
0,0,0,0,0,2023-05-09 00:38:21.855162,0
0,0,0,0,0,2023-05-09 00:38:22.855280,0
0,0,0,0,0,2023-05-09 00:38:23.856200,0
0,0,0,0,0,2023-05-09 00:38:24.856401,0
0,0,0,0,0,2023-05-09 00:38:25.857317,0
0,0,0,0,0,2023-05-09 00:38:27.857905,0
0,0,0,0,0,2023-05-09 00:38:28.858723,0
0,0,0,0,0,2023-05-09 00:38:29.858886,0
0,0,0,0,0,2023-05-09 00:38:31.859997,0
0,0,0,0,0,2023-05-09 00:38:32.860305,0
0,0,0,0,0,2023-05-09 00:38:33.861216,0
0,0,0,0,0,2023-05-09 00:38:34.861219,0
0,0,0,0,0,2023-05-09 00:38:35.862147,0
0,0,0,0,0,2023-05-09 00:38:36.862354,0
0,0,0,0,0,2023-05-09 00:38:37.863020,0
0,0,0,0,0,2023-05-09 00:38:38.863161,0
0,0,0,0,0,2023-05-09 00:38:39.863256,0
0,0,0,0,0,2023-05-09 00:38:40.863924,0
0,0,0,0,0,2023-05-09 00:38:41.863930,0
0,0,0,0,0,2023-05-09 00:38:42.863949,0
0,0,0,0,0,2023-05-09 00:38:43.864890,0
0,0,0,0,0,2023-05-09 00:38:44.864997,0
0,0,0,0,0,2023-05-09 00:38:45.865079,0
0,0,0,0,0,2023-05-09 00:38:46.865100,0
0,0,0,0,0,2023-05-09 00:38:47.866086,0
0,0,0,0,0,2023-05-09 00:38:48.867056,0
0,0,0,0,0,2023-05-09 00:38:49.867245,0
0,0,0,0,0,2023-05-09 00:38:50.867610,0
0,0,0,0,0,2023-05-09 00:38:51.868048,0
0,0,0,0,0,2023-05-09 00:38:52.868268,0
0,0,0,0,0,2023-05-09 00:38:53.868510,0
0,0,0,0,0,2023-05-09 00:38:54.868537,0
0,0,0,0,0,2023-05-09 00:38:55.868537,0
0,0,0,0,0,2023-05-09 00:38:56.868661,0
0,0,0,0,0,2023-05-09 00:38:57.869298,0
0,0,0,0,0,2023-05-09 00:38:58.870276,0
0,0,0,0,0,2023-05-09 00:39:00.870887,0
0,0,0,0,0,2023-05-09 00:39:01.871567,0
0,0,0,0,0,2023-05-09 00:39:03.871704,0
0,0,0,0,0,2023-05-09 00:39:05.872274,0
0,0,0,0,0,2023-05-09 00:39:06.873177,0
0,0,0,0,0,2023-05-09 00:39:07.874010,0
0,0,0,0,0,2023-05-09 00:39:08.874306,0
0,0,0,0,0,2023-05-09 00:39:09.875226,0
0,0,0,0,0,2023-05-09 00:39:10.875885,0
0,0,0,0,0,2023-05-09 00:39:12.877237,0
0,0,0,0,0,2023-05-09 00:39:13.878155,0
0,0,0,0,0,2023-05-09 00:39:14.878946,0
0,0,0,0,0,2023-05-09 00:39:15.879612,0
0,0,0,0,0,2023-05-09 00:39:16.879620,0
0,0,0,0,0,2023-05-09 00:39:18.879926,0
0,0,0,0,0,2023-05-09 00:39:19.880095,0
0,0,0,0,0,2023-05-09 00:39:21.880363,0
0,0,0,0,0,2023-05-09 00:39:23.880952,0
0,0,0,0,0,2023-05-09 00:39:26.882196,0
0,0,0,0,0,2023-05-09 00:39:27.882904,0
0,0,0,0,0,2023-05-09 00:39:28.883619,0
0,0,0,0,0,2023-05-09 00:39:29.883842,0
0,0,0,0,0,2023-05-09 00:39:31.311215,0
0,0,0,0,0,2023-05-09 00:39:32.312054,0
0,0,0,0,0,2023-05-09 00:39:33.312894,0
0,0,0,0,0,2023-05-09 00:39:35.314057,0
0,0,0,0,0,2023-05-09 00:39:36.314499,0
0,0,0,0,0,2023-05-09 00:39:37.314563,0
0,0,0,0,0,2023-05-09 00:39:38.315050,0
0,0,0,0,0,2023-05-09 00:39:39.315617,0
0,0,0,0,0,2023-05-09 00:39:40.316329,0
0,0,0,0,0,2023-05-09 00:39:41.316449,0
0,0,0,0,0,2023-05-09 00:39:42.317431,0
0,0,0,0,0,2023-05-09 00:39:44.318560,0
0,0,0,0,0,2023-05-09 00:39:46.318757,0
0,0,0,0,0,2023-05-09 00:39:48.319812,0
0,0,0,0,0,2023-05-09 00:39:49.319960,0
0,0,0,0,0,2023-05-09 00:39:50.320803,0
0,0,0,0,0,2023-05-09 00:39:51.320997,0
0,0,0,0,0,2023-05-09 00:39:52.321093,0
0,0,0,0,0,2023-05-09 00:39:53.322081,0
0,0,0,0,0,2023-05-09 00:39:55.322679,0
0,0,0,0,0,2023-05-09 00:39:56.323165,0
0,0,0,0,0,2023-05-09 00:39:57.323257,0
0,0,0,0,0,2023-05-09 00:39:58.323833,0
0,0,0,0,0,2023-05-09 00:39:59.324836,0
0,0,0,0,0,2023-05-09 00:40:00.324951,0
0,0,0,0,0,2023-05-09 00:40:02.326022,0
0,0,0,0,0,2023-05-09 00:40:03.326654,0
0,0,0,0,0,2023-05-09 00:40:04.327657,0
0,0,0,0,0,2023-05-09 00:40:05.328204,0
0,0,0,0,0,2023-05-09 00:40:06.328444,0
0,0,0,0,0,2023-05-09 00:40:07.329108,0
0,0,0,0,0,2023-05-09 00:40:08.329657,0
0,0,0,0,0,2023-05-09 00:40:09.329996,0
0,0,0,0,0,2023-05-09 00:40:10.330374,0
0,0,0,0,0,2023-05-09 00:40:11.330717,0
0,0,0,0,0,2023-05-09 00:40:13.331369,0
0,0,0,0,0,2023-05-09 00:40:14.332035,0
0,0,0,0,0,2023-05-09 00:40:15.332372,0
0,0,0,0,0,2023-05-09 00:40:17.332829,0
0,0,0,0,0,2023-05-09 00:40:26.338424,0
0,0,0,0,0,2023-05-09 00:40:27.338567,0
0,0,0,0,0,2023-05-09 00:40:29.339235,0
0,0,0,0,0,2023-05-09 00:40:31.340170,0
0,0,0,0,0,2023-05-09 00:40:33.341615,0
0,0,0,0,0,2023-05-09 00:40:34.342242,0
0,0,0,0,0,2023-05-09 00:40:35.343214,0
0,0,0,0,0,2023-05-09 00:40:36.343362,0
0,0,0,0,0,2023-05-09 00:40:37.344015,0
0,0,0,0,0,2023-05-09 00:40:40.345164,0
0,0,0,0,0,2023-05-09 00:40:41.346072,0
0,0,0,0,0,2023-05-09 00:40:42.346745,0
0,0,0,0,0,2023-05-09 00:40:44.346916,0
0,0,0,0,0,2023-05-09 00:40:45.347329,0
0,0,0,0,0,2023-05-09 00:40:46.348327,0
0,0,0,0,0,2023-05-09 00:40:48.349505,0
0,0,0,0,0,2023-05-09 00:40:49.350110,0
0,0,0,0,0,2023-05-09 00:40:50.350890,0
0,0,0,0,0,2023-05-09 00:40:52.352400,0
0,0,0,0,0,2023-05-09 00:40:54.353913,0
0,0,0,0,0,2023-05-09 00:40:55.353929,0
0,0,0,0,0,2023-05-09 00:40:56.354028,0
0,0,0,0,0,2023-05-09 00:40:58.354898,0
0,0,0,0,0,2023-05-09 00:41:00.354983,0
0,0,0,0,0,2023-05-09 00:41:01.355670,0
0,0,0,0,0,2023-05-09 00:41:04.356505,0
0,0,0,0,0,2023-05-09 00:41:06.357718,0
0,0,0,0,0,2023-05-09 00:41:07.358217,0
0,0,0,0,0,2023-05-09 00:41:10.359174,0
0,0,0,0,0,2023-05-09 00:41:11.360171,0
0,0,0,0,0,2023-05-09 00:41:12.360179,0
0,0,0,0,0,2023-05-09 00:41:13.361166,0
0,0,0,0,0,2023-05-09 00:41:14.361305,0
0,0,0,0,0,2023-05-09 00:41:15.361367,0
0,0,0,0,0,2023-05-09 00:41:17.362281,0
0,0,0,0,0,2023-05-09 00:41:20.363276,0
0,0,0,0,0,2023-05-09 00:41:25.365752,0
0,0,0,0,0,2023-05-09 00:41:26.366344,0
0,0,0,0,0,2023-05-09 00:41:28.366659,0
0,0,0,0,0,2023-05-09 00:41:30.368413,0
0,0,0,0,0,2023-05-09 00:41:31.369403,0
0,0,0,0,0,2023-05-09 00:41:32.370401,0
0,0,0,0,0,2023-05-09 00:41:33.370771,0
0,0,0,0,0,2023-05-09 00:41:34.371115,0
0,0,0,0,0,2023-05-09 00:41:35.371191,0
0,0,0,0,0,2023-05-09 00:41:37.371755,0
0,0,0,0,0,2023-05-09 00:41:38.372683,0
0,0,0,0,0,2023-05-09 00:41:39.372893,0
0,0,0,0,0,2023-05-09 00:41:40.373513,0
0,0,0,0,0,2023-05-09 00:41:41.374399,0
0,0,0,0,0,2023-05-09 00:41:42.374909,0
0,0,0,0,0,2023-05-09 00:41:43.375422,0
0,0,0,0,0,2023-05-09 00:41:44.376421,0
0,0,0,0,0,2023-05-09 00:41:45.376437,0
0,0,0,0,0,2023-05-09 00:41:47.377567,0
0,0,0,0,0,2023-05-09 00:41:48.378498,0
0,0,0,0,0,2023-05-09 00:41:49.378930,0
0,0,0,0,0,2023-05-09 00:41:51.379848,0
0,0,0,0,0,2023-05-09 00:41:56.380861,0
0,0,0,0,0,2023-05-09 00:41:59.381662,0
0,0,0,0,0,2023-05-09 00:42:02.382773,0
0,0,0,0,0,2023-05-09 00:42:05.384319,0
0,0,0,0,0,2023-05-09 00:42:07.385620,0
0,0,0,0,0,2023-05-09 00:42:09.386431,0
0,0,0,0,0,2023-05-09 00:42:14.388142,0
0,0,0,0,0,2023-05-09 00:42:17.388509,0
0,0,0,0,0,2023-05-09 00:42:18.389350,0
0,0,0,0,0,2023-05-09 00:42:20.389717,0
0,0,0,0,0,2023-05-09 00:42:21.389724,0
0,0,0,0,0,2023-05-09 00:42:23.390722,0
0,0,0,0,0,2023-05-09 00:42:24.391713,0
0,0,0,0,0,2023-05-09 00:42:25.392045,0
0,0,0,0,0,2023-05-09 00:42:27.392982,0
0,0,0,0,0,2023-05-09 00:42:30.393890,0
0,0,0,0,0,2023-05-09 00:42:37.398294,0
0,0,0,0,0,2023-05-09 00:42:43.400658,0
0,0,0,0,0,2023-05-09 00:42:51.403500,0
0,0,0,0,0,2023-05-09 00:42:54.404417,0
0,0,0,0,0,2023-05-09 00:42:55.404855,0
0,0,0,0,0,2023-05-09 00:42:58.405638,0
0,0,0,0,0,2023-05-09 00:42:59.405653,0
0,0,0,0,0,2023-05-09 00:43:00.405931,0
0,0,0,0,0,2023-05-09 00:43:01.406380,0
0,0,0,0,0,2023-05-09 00:43:03.838024,0
0,0,0,0,0,2023-05-09 00:43:04.838281,0
0,0,0,0,0,2023-05-09 00:43:06.838966,0
0,0,0,0,0,2023-05-09 00:43:07.839151,0
0,0,0,0,0,2023-05-09 00:43:09.840155,0
0,0,0,0,0,2023-05-09 00:43:11.841377,0
0,0,0,0,0,2023-05-09 00:43:13.842881,0
0,0,0,0,0,2023-05-09 00:43:14.843091,0
0,0,0,0,0,2023-05-09 00:43:16.844339,0
0,0,0,0,0,2023-05-09 00:43:18.845907,0
0,0,0,0,0,2023-05-09 00:43:22.847646,0
0,0,0,0,0,2023-05-09 00:43:23.847745,0
0,0,0,0,0,2023-05-09 00:43:25.848575,0
0,0,0,0,0,2023-05-09 00:43:26.848790,0
0,0,0,0,0,2023-05-09 00:43:33.850732,0
0,0,0,0,0,2023-05-09 00:43:35.851425,0
0,0,0,0,0,2023-05-09 00:43:37.852549,0
0,0,0,0,0,2023-05-09 00:43:38.852795,0
0,0,0,0,0,2023-05-09 00:43:40.853878,0
0,0,0,0,0,2023-05-09 00:43:42.855794,0
0,0,0,0,0,2023-05-09 00:43:43.855794,0
0,0,0,0,0,2023-05-09 00:43:48.859165,0
0,0,0,0,0,2023-05-09 00:43:53.861223,0
0,0,0,0,0,2023-05-09 00:43:56.862502,0
0,0,0,0,0,2023-05-09 00:43:57.863415,0
0,0,0,0,0,2023-05-09 00:43:59.863584,0
0,0,0,0,0,2023-05-09 00:44:02.865505,0
0,0,0,0,0,2023-05-09 00:44:05.866111,0
0,0,0,0,0,2023-05-09 00:44:06.866118,0
0,0,0,0,0,2023-05-09 00:44:08.867095,0
0,0,0,0,0,2023-05-09 00:44:12.867194,0
0,0,0,0,0,2023-05-09 00:44:16.869045,0
0,0,0,0,0,2023-05-09 00:44:20.872057,0
0,0,0,0,0,2023-05-09 00:44:21.872905,0
0,0,0,0,0,2023-05-09 00:44:24.873641,0
0,0,0,0,0,2023-05-09 00:44:28.874705,0
0,0,0,0,0,2023-05-09 00:44:30.875533,0
0,0,0,0,0,2023-05-09 00:44:33.877602,0
0,0,0,0,0,2023-05-09 00:44:35.879491,0
0,0,0,0,0,2023-05-09 00:44:37.879697,0
0,0,0,0,0,2023-05-09 00:44:40.882162,0
0,0,0,0,0,2023-05-09 00:44:41.882234,0
0,0,0,0,0,2023-05-09 00:44:42.883236,0
0,0,0,0,0,2023-05-09 00:44:43.883374,0
0,0,0,0,0,2023-05-09 00:44:45.884370,0
0,0,0,0,0,2023-05-09 00:44:46.884374,0
0,0,0,0,0,2023-05-09 00:44:47.885370,0
0,0,0,0,0,2023-05-09 00:44:48.885649,0
0,0,0,0,0,2023-05-09 00:44:50.886701,0
0,0,0,0,0,2023-05-09 00:44:51.887662,0
0,0,0,0,0,2023-05-09 00:44:52.888471,0
0,0,0,0,0,2023-05-09 00:44:53.888675,0
0,0,0,0,0,2023-05-09 00:44:54.888758,0
0,0,0,0,0,2023-05-09 00:44:56.890246,0
0,0,0,0,0,2023-05-09 00:44:57.890360,0
0,0,0,0,0,2023-05-09 00:44:58.891356,0
0,0,0,0,0,2023-05-09 00:44:59.891837,0
0,0,0,0,0,2023-05-09 00:45:01.892614,0
0,0,0,0,0,2023-05-09 00:45:02.892619,0
0,0,0,0,0,2023-05-09 00:45:03.893613,0
0,0,0,0,0,2023-05-09 00:45:04.893683,0
0,0,0,0,0,2023-05-09 00:45:07.894836,0
0,0,0,0,0,2023-05-09 00:45:10.896166,0
0,0,0,0,0,2023-05-09 00:45:11.896869,0
0,0,0,0,0,2023-05-09 00:45:14.897545,0
0,0,0,0,0,2023-05-09 00:45:16.897866,0
0,0,0,0,0,2023-05-09 00:45:18.898848,0
0,0,0,0,0,2023-05-09 00:45:20.899371,0
0,0,0,0,0,2023-05-09 00:45:24.901747,0
0,0,0,0,0,2023-05-09 00:45:26.902637,0
0,0,0,0,0,2023-05-09 00:45:27.903649,0
0,0,0,0,0,2023-05-09 00:45:28.904639,0
0,0,0,0,0,2023-05-09 00:45:29.904659,0
0,0,0,0,0,2023-05-09 00:45:30.904838,0
0,0,0,0,0,2023-05-09 00:45:31.905435,0
0,0,0,0,0,2023-05-09 00:45:32.906104,0
0,0,0,0,0,2023-05-09 00:45:33.906561,0
0,0,0,0,0,2023-05-09 00:45:34.906698,0
0,0,0,0,0,2023-05-09 00:45:35.907156,0
0,0,0,0,0,2023-05-09 00:45:36.908132,0
0,0,0,0,0,2023-05-09 00:45:40.908557,0
0,0,0,0,0,2023-05-09 00:45:41.908703,0
0,0,0,0,0,2023-05-09 00:45:43.909280,0
0,0,0,0,0,2023-05-09 00:45:45.910649,0
0,0,0,0,0,2023-05-09 00:45:46.910803,0
0,0,0,0,0,2023-05-09 00:45:47.910977,0
0,0,0,0,0,2023-05-09 00:45:48.911639,0
0,0,0,0,0,2023-05-09 00:45:51.913456,0
0,0,0,0,0,2023-05-09 00:45:52.913648,0
0,0,0,0,0,2023-05-09 00:45:53.914155,0
0,0,0,0,0,2023-05-09 00:45:54.914601,0
0,0,0,0,0,2023-05-09 00:45:55.914724,0
0,0,0,0,0,2023-05-09 00:45:56.914801,0
0,0,0,0,0,2023-05-09 00:45:57.915399,0
0,0,0,0,0,2023-05-09 00:45:58.916313,0
0,0,0,0,0,2023-05-09 00:45:59.916344,0
0,0,0,0,0,2023-05-09 00:46:00.916518,0
0,0,0,0,0,2023-05-09 00:46:01.916593,0
0,0,0,0,0,2023-05-09 00:46:02.917578,0
0,0,0,0,0,2023-05-09 00:46:04.918669,0
0,0,0,0,0,2023-05-09 00:46:05.918676,0
0,0,0,0,0,2023-05-09 00:46:07.920572,0
0,0,0,0,0,2023-05-09 00:46:08.921435,0
0,0,0,0,0,2023-05-09 00:46:09.922273,0
0,0,0,0,0,2023-05-09 00:46:10.922295,0
0,0,0,0,0,2023-05-09 00:46:11.923198,0
0,0,0,0,0,2023-05-09 00:46:12.923501,0
0,0,0,0,0,2023-05-09 00:46:13.923761,0
0,0,0,0,0,2023-05-09 00:46:18.925875,0
0,0,0,0,0,2023-05-09 00:46:19.925961,0
0,0,0,0,0,2023-05-09 00:46:20.926231,0
0,0,0,0,0,2023-05-09 00:46:21.927034,0
0,0,0,0,0,2023-05-09 00:46:22.928025,0
0,0,0,0,0,2023-05-09 00:46:23.929027,0
0,0,0,0,0,2023-05-09 00:46:24.929068,0
0,0,0,0,0,2023-05-09 00:46:25.929323,0
0,0,0,0,0,2023-05-09 00:46:26.929900,0
0,0,0,0,0,2023-05-09 00:46:27.929985,0
0,0,0,0,0,2023-05-09 00:46:28.929997,0
0,0,0,0,0,2023-05-09 00:46:29.930584,0
0,0,0,0,0,2023-05-09 00:46:30.930660,0
0,0,0,0,0,2023-05-09 00:46:31.931573,0
0,0,0,0,0,2023-05-09 00:46:32.931659,0
0,0,0,0,0,2023-05-09 00:46:35.933366,0
0,0,0,0,0,2023-05-09 00:46:37.934995,0
0,0,0,0,0,2023-05-09 00:46:38.935608,0
0,0,0,0,0,2023-05-09 00:46:39.935741,0
0,0,0,0,0,2023-05-09 00:46:40.935766,0
0,0,0,0,0,2023-05-09 00:46:41.936015,0
0,0,0,0,0,2023-05-09 00:46:42.936016,0
0,0,0,0,0,2023-05-09 00:46:44.937406,0
0,0,0,0,0,2023-05-09 00:46:45.938024,0
0,0,0,0,0,2023-05-09 00:46:46.938994,0
0,0,0,0,0,2023-05-09 00:46:47.939997,0
0,0,0,0,0,2023-05-09 00:46:48.940917,0
0,0,0,0,0,2023-05-09 00:46:49.941009,0
0,0,0,0,0,2023-05-09 00:46:50.942010,0
0,0,0,0,0,2023-05-09 00:46:51.942895,0
0,0,0,0,0,2023-05-09 00:46:52.943538,0
0,0,0,0,0,2023-05-09 00:46:53.943886,0
0,0,0,0,0,2023-05-09 00:46:54.944870,0
0,0,0,0,0,2023-05-09 00:46:55.944885,0
0,0,0,0,0,2023-05-09 00:46:56.945530,0
0,0,0,0,0,2023-05-09 00:46:57.945631,0
0,0,0,0,0,2023-05-09 00:46:58.946245,0
0,0,0,0,0,2023-05-09 00:46:59.946630,0
0,0,0,0,0,2023-05-09 00:47:01.948125,0
0,0,0,0,0,2023-05-09 00:47:02.948194,0
0,0,0,0,0,2023-05-09 00:47:03.949114,0
0,0,0,0,0,2023-05-09 00:47:06.949701,0
0,0,0,0,0,2023-05-09 00:47:11.951298,0
0,0,0,0,0,2023-05-09 00:47:12.951534,0
0,0,0,0,0,2023-05-09 00:47:13.952448,0
0,0,0,0,0,2023-05-09 00:47:17.953677,0
0,0,0,0,0,2023-05-09 00:47:18.953693,0
0,0,0,0,0,2023-05-09 00:47:20.954877,0
0,0,0,0,0,2023-05-09 00:47:22.955800,0
0,0,0,0,0,2023-05-09 00:47:24.956503,0
0,0,0,0,0,2023-05-09 00:47:25.956599,0
0,0,0,0,0,2023-05-09 00:47:27.957361,0
0,0,0,0,0,2023-05-09 00:47:28.957361,0
0,0,0,0,0,2023-05-09 00:47:29.957896,0
0,0,0,0,0,2023-05-09 00:47:30.958049,0
0,0,0,0,0,2023-05-09 00:47:31.958054,0
0,0,0,0,0,2023-05-09 00:47:32.958481,0
0,0,0,0,0,2023-05-09 00:47:36.959042,0
0,0,0,0,0,2023-05-09 00:47:38.960139,0
0,0,0,0,0,2023-05-09 00:47:39.960227,0
0,0,0,0,0,2023-05-09 00:47:40.960795,0
0,0,0,0,0,2023-05-09 00:47:41.961020,0
0,0,0,0,0,2023-05-09 00:47:42.961985,0
0,0,0,0,0,2023-05-09 00:47:43.962319,0
0,0,0,0,0,2023-05-09 00:47:45.963089,0
0,0,0,0,0,2023-05-09 00:47:46.963096,0
0,0,0,0,0,2023-05-09 00:47:47.963405,0
0,0,0,0,0,2023-05-09 00:47:48.963480,0
0,0,0,0,0,2023-05-09 00:47:49.964472,0
0,0,0,0,0,2023-05-09 00:47:50.965332,0
0,0,0,0,0,2023-05-09 00:47:51.966324,0
0,0,0,0,0,2023-05-09 00:47:52.966406,0
0,0,0,0,0,2023-05-09 00:47:53.966581,0
0,0,0,0,0,2023-05-09 00:47:54.966909,0
0,0,0,0,0,2023-05-09 00:47:55.966987,0
0,0,0,0,0,2023-05-09 00:47:56.967004,0
0,0,0,0,0,2023-05-09 00:47:57.967970,0
0,0,0,0,0,2023-05-09 00:47:58.967988,0
0,0,0,0,0,2023-05-09 00:47:59.968047,0
0,0,0,0,0,2023-05-09 00:48:00.968674,0
0,0,0,0,0,2023-05-09 00:48:01.968884,0
0,0,0,0,0,2023-05-09 00:48:04.969923,0
0,0,0,0,0,2023-05-09 00:48:05.969961,0
0,0,0,0,0,2023-05-09 00:48:07.971009,0
0,0,0,0,0,2023-05-09 00:48:09.972153,0
0,0,0,0,0,2023-05-09 00:48:10.973020,0
0,0,0,0,0,2023-05-09 00:48:11.973927,0
0,0,0,0,0,2023-05-09 00:48:12.974152,0
0,0,0,0,0,2023-05-09 00:48:13.974654,0
0,0,0,0,0,2023-05-09 00:48:14.974920,0
0,0,0,0,0,2023-05-09 00:48:15.975509,0
0,0,0,0,0,2023-05-09 00:48:16.976268,0
0,0,0,0,0,2023-05-09 00:48:17.976829,0
0,0,0,0,0,2023-05-09 00:48:18.976949,0
0,0,0,0,0,2023-05-09 00:48:19.977159,0
0,0,0,0,0,2023-05-09 00:48:20.977795,0
0,0,0,0,0,2023-05-09 00:48:21.978447,0
0,0,0,0,0,2023-05-09 00:48:22.979279,0
0,0,0,0,0,2023-05-09 00:48:24.980312,0
0,0,0,0,0,2023-05-09 00:48:25.981240,0
0,0,0,0,0,2023-05-09 00:48:26.981830,0
0,0,0,0,0,2023-05-09 00:48:28.982824,0
0,0,0,0,0,2023-05-09 00:48:30.436742,0
0,0,0,0,0,2023-05-09 00:48:31.436824,0
0,0,0,0,0,2023-05-09 00:48:32.436837,0
0,0,0,0,0,2023-05-09 00:48:33.437830,0
0,0,0,0,0,2023-05-09 00:48:36.439132,0
0,0,0,0,0,2023-05-09 00:48:38.439712,0
0,0,0,0,0,2023-05-09 00:48:40.441456,0
0,0,0,0,0,2023-05-09 00:48:41.442454,0
0,0,0,0,0,2023-05-09 00:48:42.442504,0
0,0,0,0,0,2023-05-09 00:48:43.442579,0
0,0,0,0,0,2023-05-09 00:48:45.443504,0
0,0,0,0,0,2023-05-09 00:48:46.443899,0
0,0,0,0,0,2023-05-09 00:48:47.444871,0
0,0,0,0,0,2023-05-09 00:48:48.445138,0
0,0,0,0,0,2023-05-09 00:48:49.445179,0
0,0,0,0,0,2023-05-09 00:48:50.445276,0
0,0,0,0,0,2023-05-09 00:48:53.446540,0
0,0,0,0,0,2023-05-09 00:48:54.446551,0
0,0,0,0,0,2023-05-09 00:48:55.446565,0
0,0,0,0,0,2023-05-09 00:48:56.447550,0
0,0,0,0,0,2023-05-09 00:48:58.449326,0
0,0,0,0,0,2023-05-09 00:48:59.450320,0
0,0,0,0,0,2023-05-09 00:49:00.451321,0
0,0,0,0,0,2023-05-09 00:49:01.451794,0
0,0,0,0,0,2023-05-09 00:49:02.452333,0
0,0,0,0,0,2023-05-09 00:49:03.453243,0
0,0,0,0,0,2023-05-09 00:49:04.453628,0
0,0,0,0,0,2023-05-09 00:49:05.453960,0
0,0,0,0,0,2023-05-09 00:49:06.454863,0
0,0,0,0,0,2023-05-09 00:49:07.455067,0
0,0,0,0,0,2023-05-09 00:49:08.455076,0
0,0,0,0,0,2023-05-09 00:49:09.455517,0
0,0,0,0,0,2023-05-09 00:49:10.455524,0
0,0,0,0,0,2023-05-09 00:49:11.455589,0
0,0,0,0,0,2023-05-09 00:49:12.455600,0
0,0,0,0,0,2023-05-09 00:49:13.456605,0
0,0,0,0,0,2023-05-09 00:49:14.457091,0
0,0,0,0,0,2023-05-09 00:49:15.457177,0
0,0,0,0,0,2023-05-09 00:49:16.457268,0
0,0,0,0,0,2023-05-09 00:49:17.457910,0
0,0,0,0,0,2023-05-09 00:49:18.458759,0
0,0,0,0,0,2023-05-09 00:49:19.459376,0
0,0,0,0,0,2023-05-09 00:49:20.460289,0
0,0,0,0,0,2023-05-09 00:49:21.461285,0
0,0,0,0,0,2023-05-09 00:49:22.461286,0
0,0,0,0,0,2023-05-09 00:49:23.461798,0
0,0,0,0,0,2023-05-09 00:49:24.461884,0
0,0,0,0,0,2023-05-09 00:49:25.462453,0
0,0,0,0,0,2023-05-09 00:49:26.462575,0
0,0,0,0,0,2023-05-09 00:49:27.462779,0
0,0,0,0,0,2023-05-09 00:49:28.462808,0
0,0,0,0,0,2023-05-09 00:49:29.463479,0
0,0,0,0,0,2023-05-09 00:49:30.464391,0
0,0,0,0,0,2023-05-09 00:49:31.464391,0
0,0,0,0,0,2023-05-09 00:49:32.464497,0
0,0,0,0,0,2023-05-09 00:49:33.465408,0
0,0,0,0,0,2023-05-09 00:49:35.466149,0
0,0,0,0,0,2023-05-09 00:49:36.466193,0
0,0,0,0,0,2023-05-09 00:49:37.467164,0
0,0,0,0,0,2023-05-09 00:49:38.467670,0
0,0,0,0,0,2023-05-09 00:49:39.467687,0
0,0,0,0,0,2023-05-09 00:49:40.468190,0
0,0,0,0,0,2023-05-09 00:49:41.468310,0
0,0,0,0,0,2023-05-09 00:49:42.469243,0
0,0,0,0,0,2023-05-09 00:49:44.470356,0
0,0,0,0,0,2023-05-09 00:49:45.470792,0
0,0,0,0,0,2023-05-09 00:49:46.470894,0
0,0,0,0,0,2023-05-09 00:49:47.471896,0
0,0,0,0,0,2023-05-09 00:49:48.472360,0
0,0,0,0,0,2023-05-09 00:49:49.473277,0
0,0,0,0,0,2023-05-09 00:49:50.473369,0
0,0,0,0,0,2023-05-09 00:49:51.473839,0
0,0,0,0,0,2023-05-09 00:49:54.475209,0
0,0,0,0,0,2023-05-09 00:49:58.477815,0
0,0,0,0,0,2023-05-09 00:49:59.477981,0
0,0,0,0,0,2023-05-09 00:50:01.477981,0
0,0,0,0,0,2023-05-09 00:50:02.478054,0
0,0,0,0,0,2023-05-09 00:50:03.478143,0
0,0,0,0,0,2023-05-09 00:50:05.479525,0
0,0,0,0,0,2023-05-09 00:50:06.480513,0
0,0,0,0,0,2023-05-09 00:50:08.481142,0
0,0,0,0,0,2023-05-09 00:50:10.481519,0
0,0,0,0,0,2023-05-09 00:50:12.481789,0
0,0,0,0,0,2023-05-09 00:50:14.482792,0
0,0,0,0,0,2023-05-09 00:50:15.483641,0
0,0,0,0,0,2023-05-09 00:50:17.484504,0
0,0,0,0,0,2023-05-09 00:50:19.485522,0
0,0,0,0,0,2023-05-09 00:50:20.486520,0
0,0,0,0,0,2023-05-09 00:50:22.487519,0
0,0,0,0,0,2023-05-09 00:50:23.487867,0
0,0,0,0,0,2023-05-09 00:50:26.490123,0
0,0,0,0,0,2023-05-09 00:50:27.490770,0
0,0,0,0,0,2023-05-09 00:50:29.490996,0
0,0,0,0,0,2023-05-09 00:50:30.491083,0
0,0,0,0,0,2023-05-09 00:50:33.492702,0
0,0,0,0,0,2023-05-09 00:50:34.492834,0
0,0,0,0,0,2023-05-09 00:50:35.493824,0
0,0,0,0,0,2023-05-09 00:50:36.493827,0
0,0,0,0,0,2023-05-09 00:50:37.494804,0
0,0,0,0,0,2023-05-09 00:50:38.495754,0
0,0,0,0,0,2023-05-09 00:50:39.495838,0
0,0,0,0,0,2023-05-09 00:50:40.496757,0
0,0,0,0,0,2023-05-09 00:50:41.497492,0
0,0,0,0,0,2023-05-09 00:50:42.497836,0
0,0,0,0,0,2023-05-09 00:50:44.499227,0
0,0,0,0,0,2023-05-09 00:50:45.499228,0
0,0,0,0,0,2023-05-09 00:50:46.500226,0
0,0,0,0,0,2023-05-09 00:50:47.500837,0
0,0,0,0,0,2023-05-09 00:50:48.501308,0
0,0,0,0,0,2023-05-09 00:50:49.501821,0
0,0,0,0,0,2023-05-09 00:50:52.503262,0
0,0,0,0,0,2023-05-09 00:50:53.504177,0
0,0,0,0,0,2023-05-09 00:50:54.504749,0
0,0,0,0,0,2023-05-09 00:50:57.505822,0
0,0,0,0,0,2023-05-09 00:50:59.506892,0
0,0,0,0,0,2023-05-09 00:51:00.507817,0
0,0,0,0,0,2023-05-09 00:51:02.508500,0
0,0,0,0,0,2023-05-09 00:51:05.510456,0
0,0,0,0,0,2023-05-09 00:51:08.513052,0
0,0,0,0,0,2023-05-09 00:51:13.516114,0
0,0,0,0,0,2023-05-09 00:51:14.516246,0
0,0,0,0,0,2023-05-09 00:51:15.516312,0
0,0,0,0,0,2023-05-09 00:51:17.517711,0
0,0,0,0,0,2023-05-09 00:51:18.518697,0
0,0,0,0,0,2023-05-09 00:51:19.518705,0
0,0,0,0,0,2023-05-09 00:51:20.519702,0
0,0,0,0,0,2023-05-09 00:51:21.520126,0
0,0,0,0,0,2023-05-09 00:51:24.520857,0
0,0,0,0,0,2023-05-09 00:51:25.520857,0
0,0,0,0,0,2023-05-09 00:51:26.521057,0
0,0,0,0,0,2023-05-09 00:51:27.521975,0
0,0,0,0,0,2023-05-09 00:51:28.522674,0
0,0,0,0,0,2023-05-09 00:51:29.523403,0
0,0,0,0,0,2023-05-09 00:51:30.523409,0
0,0,0,0,0,2023-05-09 00:51:31.524205,0
0,0,0,0,0,2023-05-09 00:51:32.525161,0
0,0,0,0,0,2023-05-09 00:51:33.525162,0
0,0,0,0,0,2023-05-09 00:51:34.525166,0
0,0,0,0,0,2023-05-09 00:51:36.526153,0
0,0,0,0,0,2023-05-09 00:51:38.526400,0
0,0,0,0,0,2023-05-09 00:51:39.526604,0
0,0,0,0,0,2023-05-09 00:51:41.528049,0
0,0,0,0,0,2023-05-09 00:51:43.529837,0
0,0,0,0,0,2023-05-09 00:51:44.529990,0
0,0,0,0,0,2023-05-09 00:51:45.530516,0
0,0,0,0,0,2023-05-09 00:51:46.531496,0
0,0,0,0,0,2023-05-09 00:51:47.532199,0
0,0,0,0,0,2023-05-09 00:51:49.533063,0
0,0,0,0,0,2023-05-09 00:51:51.533077,0
0,0,0,0,0,2023-05-09 00:51:53.534579,0
0,0,0,0,0,2023-05-09 00:51:55.535683,0
0,0,0,0,0,2023-05-09 00:51:57.537156,0
0,0,0,0,0,2023-05-09 00:51:58.537198,0
0,0,0,0,0,2023-05-09 00:52:02.537842,0
0,0,0,0,0,2023-05-09 00:52:04.538863,0
0,0,0,0,0,2023-05-09 00:52:05.539478,0
0,0,0,0,0,2023-05-09 00:52:07.540457,0
0,0,0,0,0,2023-05-09 00:52:08.540630,0
0,0,0,0,0,2023-05-09 00:52:09.540713,0
0,0,0,0,0,2023-05-09 00:52:11.541732,0
0,0,0,0,0,2023-05-09 00:52:14.542334,0
0,0,0,0,0,2023-05-09 00:52:15.542342,0
0,0,0,0,0,2023-05-09 00:52:17.543255,0
0,0,0,0,0,2023-05-09 00:52:18.543769,0
0,0,0,0,0,2023-05-09 00:52:19.543792,0
0,0,0,0,0,2023-05-09 00:52:20.544337,0
0,0,0,0,0,2023-05-09 00:52:21.544918,0
0,0,0,0,0,2023-05-09 00:52:22.545914,0
0,0,0,0,0,2023-05-09 00:52:23.546105,0
0,0,0,0,0,2023-05-09 00:52:24.546514,0
0,0,0,0,0,2023-05-09 00:52:25.546562,0
0,0,0,0,0,2023-05-09 00:52:26.546984,0
0,0,0,0,0,2023-05-09 00:52:27.547532,0
0,0,0,0,0,2023-05-09 00:52:28.548527,0
0,0,0,0,0,2023-05-09 00:52:29.549450,0
0,0,0,0,0,2023-05-09 00:52:30.550122,0
0,0,0,0,0,2023-05-09 00:52:32.550607,0
0,0,0,0,0,2023-05-09 00:52:33.550611,0
0,0,0,0,0,2023-05-09 00:52:35.551264,0
0,0,0,0,0,2023-05-09 00:52:36.551318,0
0,0,0,0,0,2023-05-09 00:52:37.551329,0
0,0,0,0,0,2023-05-09 00:52:38.551860,0
0,0,0,0,0,2023-05-09 00:52:39.552405,0
0,0,0,0,0,2023-05-09 00:52:40.552916,0
0,0,0,0,0,2023-05-09 00:52:41.553367,0
0,0,0,0,0,2023-05-09 00:52:42.553734,0
0,0,0,0,0,2023-05-09 00:52:44.554646,0
0,0,0,0,0,2023-05-09 00:52:46.554975,0
0,0,0,0,0,2023-05-09 00:52:47.555960,0
0,0,0,0,0,2023-05-09 00:52:49.556897,0
0,0,0,0,0,2023-05-09 00:52:50.557031,0
0,0,0,0,0,2023-05-09 00:52:55.559658,0
0,0,0,0,0,2023-05-09 00:52:56.560472,0
0,0,0,0,0,2023-05-09 00:52:58.561228,0
0,0,0,0,0,2023-05-09 00:52:59.562224,0
0,0,0,0,0,2023-05-09 00:53:02.563766,0
0,0,0,0,0,2023-05-09 00:53:06.566493,0
0,0,0,0,0,2023-05-09 00:53:07.567101,0
0,0,0,0,0,2023-05-09 00:53:09.568818,0
0,0,0,0,0,2023-05-09 00:53:11.570510,0
0,0,0,0,0,2023-05-09 00:53:13.571427,0
0,0,0,0,0,2023-05-09 00:53:15.572891,0
0,0,0,0,0,2023-05-09 00:53:16.573087,0
0,0,0,0,0,2023-05-09 00:53:18.573615,0
0,0,0,0,0,2023-05-09 00:53:20.575280,0
0,0,0,0,0,2023-05-09 00:53:22.576804,0
0,0,0,0,0,2023-05-09 00:53:25.578806,0
0,0,0,0,0,2023-05-09 00:53:28.580283,0
0,0,0,0,0,2023-05-09 00:53:29.580784,0
0,0,0,0,0,2023-05-09 00:53:31.581158,0
0,0,0,0,0,2023-05-09 00:53:33.582024,0
0,0,0,0,0,2023-05-09 00:53:36.583142,0
0,0,0,0,0,2023-05-09 00:53:39.584297,0
0,0,0,0,0,2023-05-09 00:53:40.585294,0
0,0,0,0,0,2023-05-09 00:53:41.585916,0
0,0,0,0,0,2023-05-09 00:53:43.587356,0
0,0,0,0,0,2023-05-09 00:53:44.587421,0
0,0,0,0,0,2023-05-09 00:53:45.587443,0
0,0,0,0,0,2023-05-09 00:53:46.587461,0
0,0,0,0,0,2023-05-09 00:53:47.588460,0
0,0,0,0,0,2023-05-09 00:53:48.588545,0
0,0,0,0,0,2023-05-09 00:53:49.588951,0
0,0,0,0,0,2023-05-09 00:53:50.589383,0
0,0,0,0,0,2023-05-09 00:53:51.589387,0
0,0,0,0,0,2023-05-09 00:53:52.590144,0
0,0,0,0,0,2023-05-09 00:53:53.590998,0
0,0,0,0,0,2023-05-09 00:53:54.591003,0
0,0,0,0,0,2023-05-09 00:53:55.591845,0
0,0,0,0,0,2023-05-09 00:53:56.591869,0
0,0,0,0,0,2023-05-09 00:53:57.592071,0
0,0,0,0,0,2023-05-09 00:53:58.592452,0
0,0,0,0,0,2023-05-09 00:53:59.593412,0
0,0,0,0,0,2023-05-09 00:54:00.593493,0
0,0,0,0,0,2023-05-09 00:54:01.593493,0
0,0,0,0,0,2023-05-09 00:54:02.593720,0
0,0,0,0,0,2023-05-09 00:54:03.594648,0
0,0,0,0,0,2023-05-09 00:54:04.594892,0
0,0,0,0,0,2023-05-09 00:54:05.595482,0
0,0,0,0,0,2023-05-09 00:54:07.595956,0
0,0,0,0,0,2023-05-09 00:54:08.595958,0
0,0,0,0,0,2023-05-09 00:54:10.596705,0
0,0,0,0,0,2023-05-09 00:54:15.598883,0
0,0,0,0,0,2023-05-09 00:54:17.600284,0
0,0,0,0,0,2023-05-09 00:54:18.600366,0
0,0,0,0,0,2023-05-09 00:54:20.601682,0
