price,total,transaction_date,type,units_traded,timestamp,count
0,0,0,0,0,2023-05-08 21:07:13.392176,0
0,0,0,0,0,2023-05-08 21:07:14.392501,0
0,0,0,0,0,2023-05-08 21:07:15.393473,0
0,0,0,0,0,2023-05-08 21:07:16.393728,0
0,0,0,0,0,2023-05-08 21:07:17.394504,0
0,0,0,0,0,2023-05-08 21:07:18.394872,0
0,0,0,0,0,2023-05-08 21:07:19.395755,0
0,0,0,0,0,2023-05-08 21:07:20.396242,0
0,0,0,0,0,2023-05-08 21:07:21.396268,0
0,0,0,0,0,2023-05-08 21:07:22.397196,0
0,0,0,0,0,2023-05-08 21:07:23.397229,0
0,0,0,0,0,2023-05-08 21:07:24.397841,0
0,0,0,0,0,2023-05-08 21:07:25.398708,0
0,0,0,0,0,2023-05-08 21:07:26.399311,0
0,0,0,0,0,2023-05-08 21:07:27.400063,0
0,0,0,0,0,2023-05-08 21:07:28.400599,0
0,0,0,0,0,2023-05-08 21:07:29.401212,0
0,0,0,0,0,2023-05-08 21:08:37.118129,0
0,0,0,0,0,2023-05-08 21:08:38.119027,0
0,0,0,0,0,2023-05-08 21:08:39.119074,0
0,0,0,0,0,2023-05-08 21:08:40.119238,0
0,0,0,0,0,2023-05-08 21:08:41.120094,0
0,0,0,0,0,2023-05-08 21:08:42.120338,0
0,0,0,0,0,2023-05-08 21:08:43.121214,0
0,0,0,0,0,2023-05-08 21:08:44.121236,0
0,0,0,0,0,2023-05-08 21:08:45.122224,0
0,0,0,0,0,2023-05-08 21:08:46.123064,0
0,0,0,0,0,2023-05-08 21:08:47.124059,0
0,0,0,0,0,2023-05-08 21:08:48.124894,0
0,0,0,0,0,2023-05-08 21:08:49.125431,0
0,0,0,0,0,2023-05-08 21:08:50.125752,0
0,0,0,0,0,2023-05-08 21:08:51.126347,0
0,0,0,0,0,2023-05-08 21:08:52.126575,0
0,0,0,0,0,2023-05-08 21:08:53.126851,0
0,0,0,0,0,2023-05-08 21:08:54.127909,0
0,0,0,0,0,2023-05-08 21:08:55.127959,0
0,0,0,0,0,2023-05-08 21:08:56.128575,0
0,0,0,0,0,2023-05-08 21:08:58.129998,0
0,0,0,0,0,2023-05-08 21:08:59.130627,0
0,0,0,0,0,2023-05-08 21:09:00.131072,0
0,0,0,0,0,2023-05-08 21:09:01.131325,0
0,0,0,0,0,2023-05-08 21:09:02.131924,0
0,0,0,0,0,2023-05-08 21:09:04.132087,0
0,0,0,0,0,2023-05-08 21:09:05.132982,0
0,0,0,0,0,2023-05-08 21:09:06.133191,0
0,0,0,0,0,2023-05-08 21:09:07.133895,0
0,0,0,0,0,2023-05-08 21:09:08.134554,0
0,0,0,0,0,2023-05-08 21:09:09.134908,0
0,0,0,0,0,2023-05-08 21:09:11.135917,0
0,0,0,0,0,2023-05-08 21:09:13.136817,0
0,0,0,0,0,2023-05-08 21:09:14.137659,0
0,0,0,0,0,2023-05-08 21:09:15.137734,0
0,0,0,0,0,2023-05-08 21:09:16.138120,0
0,0,0,0,0,2023-05-08 21:09:17.138503,0
0,0,0,0,0,2023-05-08 21:09:20.140738,0
0,0,0,0,0,2023-05-08 21:09:21.141708,0
0,0,0,0,0,2023-05-08 21:09:23.142616,0
0,0,0,0,0,2023-05-08 21:09:26.144138,0
0,0,0,0,0,2023-05-08 21:09:28.145318,0
0,0,0,0,0,2023-05-08 21:09:29.146017,0
0,0,0,0,0,2023-05-08 21:09:33.147511,0
0,0,0,0,0,2023-05-08 21:09:34.148139,0
0,0,0,0,0,2023-05-08 21:09:35.148490,0
0,0,0,0,0,2023-05-08 21:09:36.149052,0
0,0,0,0,0,2023-05-08 21:09:38.149360,0
0,0,0,0,0,2023-05-08 21:09:39.150185,0
0,0,0,0,0,2023-05-08 21:09:43.152169,0
0,0,0,0,0,2023-05-08 21:09:44.152503,0
0,0,0,0,0,2023-05-08 21:09:45.152690,0
0,0,0,0,0,2023-05-08 21:09:46.153264,0
0,0,0,0,0,2023-05-08 21:09:47.153365,0
0,0,0,0,0,2023-05-08 21:09:48.153400,0
0,0,0,0,0,2023-05-08 21:09:49.154365,0
0,0,0,0,0,2023-05-08 21:09:50.154488,0
0,0,0,0,0,2023-05-08 21:09:51.154927,0
0,0,0,0,0,2023-05-08 21:09:52.155010,0
0,0,0,0,0,2023-05-08 21:09:53.155484,0
0,0,0,0,0,2023-05-08 21:09:54.156443,0
0,0,0,0,0,2023-05-08 21:09:56.157287,0
0,0,0,0,0,2023-05-08 21:09:57.157665,0
0,0,0,0,0,2023-05-08 21:09:59.158737,0
0,0,0,0,0,2023-05-08 21:10:00.159379,0
0,0,0,0,0,2023-05-08 21:10:01.160119,0
0,0,0,0,0,2023-05-08 21:10:02.160513,0
0,0,0,0,0,2023-05-08 21:10:03.160744,0
0,0,0,0,0,2023-05-08 21:10:04.161243,0
0,0,0,0,0,2023-05-08 21:10:05.161844,0
0,0,0,0,0,2023-05-08 21:10:06.161868,0
0,0,0,0,0,2023-05-08 21:10:07.161983,0
0,0,0,0,0,2023-05-08 21:10:08.162517,0
0,0,0,0,0,2023-05-08 21:10:09.162584,0
0,0,0,0,0,2023-05-08 21:10:13.165445,0
0,0,0,0,0,2023-05-08 21:10:14.165951,0
0,0,0,0,0,2023-05-08 21:10:15.166135,0
0,0,0,0,0,2023-05-08 21:10:16.167096,0
0,0,0,0,0,2023-05-08 21:10:17.167107,0
0,0,0,0,0,2023-05-08 21:10:18.168033,0
0,0,0,0,0,2023-05-08 21:10:19.168394,0
0,0,0,0,0,2023-05-08 21:10:21.169596,0
0,0,0,0,0,2023-05-08 21:10:22.170433,0
0,0,0,0,0,2023-05-08 21:10:23.171087,0
0,0,0,0,0,2023-05-08 21:10:24.171088,0
0,0,0,0,0,2023-05-08 21:10:25.171801,0
0,0,0,0,0,2023-05-08 21:10:26.172761,0
0,0,0,0,0,2023-05-08 21:10:27.173500,0
0,0,0,0,0,2023-05-08 21:10:28.173624,0
0,0,0,0,0,2023-05-08 21:10:29.174247,0
0,0,0,0,0,2023-05-08 21:10:30.174656,0
0,0,0,0,0,2023-05-08 21:10:31.174890,0
0,0,0,0,0,2023-05-08 21:10:32.175752,0
0,0,0,0,0,2023-05-08 21:10:34.176474,0
0,0,0,0,0,2023-05-08 21:10:35.177411,0
0,0,0,0,0,2023-05-08 21:10:36.177698,0
0,0,0,0,0,2023-05-08 21:10:38.178308,0
0,0,0,0,0,2023-05-08 21:10:39.179177,0
0,0,0,0,0,2023-05-08 21:10:40.180070,0
0,0,0,0,0,2023-05-08 21:10:41.180993,0
0,0,0,0,0,2023-05-08 21:10:42.181033,0
0,0,0,0,0,2023-05-08 21:10:43.181907,0
0,0,0,0,0,2023-05-08 21:10:45.182427,0
0,0,0,0,0,2023-05-08 21:10:46.182639,0
0,0,0,0,0,2023-05-08 21:10:47.183274,0
0,0,0,0,0,2023-05-08 21:10:48.184683,0
0,0,0,0,0,2023-05-08 21:10:49.185885,0
0,0,0,0,0,2023-05-08 21:10:50.186086,0
0,0,0,0,0,2023-05-08 21:10:51.186570,0
0,0,0,0,0,2023-05-08 21:10:52.187434,0
0,0,0,0,0,2023-05-08 21:10:53.187592,0
0,0,0,0,0,2023-05-08 21:10:54.187672,0
0,0,0,0,0,2023-05-08 21:10:55.187710,0
0,0,0,0,0,2023-05-08 21:10:56.188288,0
0,0,0,0,0,2023-05-08 21:10:57.188752,0
0,0,0,0,0,2023-05-08 21:10:58.189223,0
0,0,0,0,0,2023-05-08 21:10:59.189443,0
0,0,0,0,0,2023-05-08 21:11:00.190165,0
0,0,0,0,0,2023-05-08 21:11:01.190682,0
0,0,0,0,0,2023-05-08 21:11:02.191210,0
0,0,0,0,0,2023-05-08 21:11:03.191556,0
0,0,0,0,0,2023-05-08 21:11:04.192498,0
0,0,0,0,0,2023-05-08 21:11:05.192581,0
0,0,0,0,0,2023-05-08 21:11:06.193598,0
0,0,0,0,0,2023-05-08 21:11:07.193864,0
0,0,0,0,0,2023-05-08 21:11:08.194286,0
0,0,0,0,0,2023-05-08 21:11:09.194447,0
0,0,0,0,0,2023-05-08 21:11:11.196061,0
0,0,0,0,0,2023-05-08 21:11:12.197019,0
0,0,0,0,0,2023-05-08 21:11:13.197830,0
0,0,0,0,0,2023-05-08 21:11:15.199387,0
0,0,0,0,0,2023-05-08 21:11:16.200245,0
0,0,0,0,0,2023-05-08 21:11:17.201207,0
0,0,0,0,0,2023-05-08 21:11:19.202029,0
0,0,0,0,0,2023-05-08 21:11:23.204868,0
0,0,0,0,0,2023-05-08 21:11:24.205255,0
0,0,0,0,0,2023-05-08 21:11:25.205468,0
0,0,0,0,0,2023-05-08 21:11:26.205524,0
0,0,0,0,0,2023-05-08 21:11:27.206065,0
0,0,0,0,0,2023-05-08 21:11:29.750182,0
0,0,0,0,0,2023-05-08 21:11:30.750647,0
0,0,0,0,0,2023-05-08 21:11:31.750879,0
0,0,0,0,0,2023-05-08 21:11:32.751008,0
0,0,0,0,0,2023-05-08 21:11:33.751443,0
0,0,0,0,0,2023-05-08 21:11:34.751463,0
0,0,0,0,0,2023-05-08 21:11:35.752277,0
0,0,0,0,0,2023-05-08 21:11:36.753074,0
0,0,0,0,0,2023-05-08 21:11:37.753100,0
0,0,0,0,0,2023-05-08 21:11:38.753626,0
0,0,0,0,0,2023-05-08 21:11:39.754432,0
0,0,0,0,0,2023-05-08 21:11:40.754706,0
0,0,0,0,0,2023-05-08 21:11:42.756228,0
0,0,0,0,0,2023-05-08 21:11:44.756497,0
0,0,0,0,0,2023-05-08 21:11:45.757100,0
0,0,0,0,0,2023-05-08 21:11:46.757728,0
0,0,0,0,0,2023-05-08 21:11:47.758330,0
0,0,0,0,0,2023-05-08 21:11:48.758958,0
0,0,0,0,0,2023-05-08 21:11:49.759014,0
0,0,0,0,0,2023-05-08 21:11:50.759456,0
0,0,0,0,0,2023-05-08 21:11:51.760415,0
0,0,0,0,0,2023-05-08 21:11:52.761308,0
0,0,0,0,0,2023-05-08 21:11:53.761474,0
0,0,0,0,0,2023-05-08 21:11:54.761828,0
0,0,0,0,0,2023-05-08 21:11:55.762092,0
0,0,0,0,0,2023-05-08 21:11:56.762599,0
0,0,0,0,0,2023-05-08 21:11:57.763286,0
0,0,0,0,0,2023-05-08 21:11:58.764059,0
0,0,0,0,0,2023-05-08 21:11:59.764309,0
0,0,0,0,0,2023-05-08 21:12:00.765061,0
0,0,0,0,0,2023-05-08 21:12:01.765671,0
0,0,0,0,0,2023-05-08 21:12:02.766449,0
0,0,0,0,0,2023-05-08 21:12:03.766506,0
0,0,0,0,0,2023-05-08 21:12:04.767364,0
0,0,0,0,0,2023-05-08 21:12:06.768719,0
0,0,0,0,0,2023-05-08 21:12:07.769529,0
0,0,0,0,0,2023-05-08 21:12:08.770235,0
0,0,0,0,0,2023-05-08 21:12:09.770698,0
0,0,0,0,0,2023-05-08 21:12:10.770803,0
0,0,0,0,0,2023-05-08 21:12:15.774045,0
0,0,0,0,0,2023-05-08 21:12:16.774819,0
0,0,0,0,0,2023-05-08 21:12:17.775779,0
0,0,0,0,0,2023-05-08 21:12:18.777067,0
0,0,0,0,0,2023-05-08 21:12:19.777969,0
0,0,0,0,0,2023-05-08 21:12:20.778902,0
0,0,0,0,0,2023-05-08 21:12:21.779547,0
0,0,0,0,0,2023-05-08 21:12:22.780474,0
0,0,0,0,0,2023-05-08 21:12:24.780974,0
0,0,0,0,0,2023-05-08 21:12:25.781947,0
0,0,0,0,0,2023-05-08 21:12:26.782345,0
0,0,0,0,0,2023-05-08 21:12:27.782441,0
0,0,0,0,0,2023-05-08 21:12:28.782834,0
0,0,0,0,0,2023-05-08 21:12:29.783224,0
0,0,0,0,0,2023-05-08 21:12:30.783311,0
0,0,0,0,0,2023-05-08 21:12:31.783678,0
0,0,0,0,0,2023-05-08 21:12:32.784656,0
0,0,0,0,0,2023-05-08 21:12:33.785224,0
0,0,0,0,0,2023-05-08 21:12:34.785238,0
0,0,0,0,0,2023-05-08 21:12:35.786023,0
0,0,0,0,0,2023-05-08 21:12:36.786280,0
0,0,0,0,0,2023-05-08 21:12:37.786311,0
0,0,0,0,0,2023-05-08 21:12:38.787131,0
0,0,0,0,0,2023-05-08 21:12:39.787465,0
0,0,0,0,0,2023-05-08 21:12:40.788358,0
0,0,0,0,0,2023-05-08 21:12:41.789286,0
0,0,0,0,0,2023-05-08 21:12:42.789327,0
0,0,0,0,0,2023-05-08 21:12:47.792125,0
0,0,0,0,0,2023-05-08 21:12:48.792764,0
0,0,0,0,0,2023-05-08 21:12:49.793064,0
0,0,0,0,0,2023-05-08 21:12:50.793238,0
0,0,0,0,0,2023-05-08 21:12:51.793792,0
0,0,0,0,0,2023-05-08 21:12:52.794150,0
0,0,0,0,0,2023-05-08 21:12:53.794187,0
0,0,0,0,0,2023-05-08 21:12:54.795128,0
0,0,0,0,0,2023-05-08 21:12:55.796677,0
0,0,0,0,0,2023-05-08 21:12:56.796752,0
0,0,0,0,0,2023-05-08 21:12:57.796883,0
0,0,0,0,0,2023-05-08 21:12:58.797240,0
0,0,0,0,0,2023-05-08 21:12:59.798162,0
0,0,0,0,0,2023-05-08 21:13:00.798459,0
0,0,0,0,0,2023-05-08 21:13:01.799446,0
0,0,0,0,0,2023-05-08 21:13:02.800299,0
0,0,0,0,0,2023-05-08 21:13:04.800780,0
0,0,0,0,0,2023-05-08 21:13:06.801587,0
0,0,0,0,0,2023-05-08 21:13:07.801677,0
0,0,0,0,0,2023-05-08 21:13:08.801710,0
0,0,0,0,0,2023-05-08 21:13:10.803179,0
0,0,0,0,0,2023-05-08 21:13:11.803670,0
0,0,0,0,0,2023-05-08 21:13:12.803871,0
0,0,0,0,0,2023-05-08 21:13:13.804087,0
0,0,0,0,0,2023-05-08 21:13:14.804094,0
0,0,0,0,0,2023-05-08 21:13:15.804967,0
0,0,0,0,0,2023-05-08 21:13:16.805080,0
0,0,0,0,0,2023-05-08 21:13:17.806063,0
0,0,0,0,0,2023-05-08 21:13:19.806982,0
0,0,0,0,0,2023-05-08 21:13:20.807421,0
0,0,0,0,0,2023-05-08 21:13:21.808417,0
0,0,0,0,0,2023-05-08 21:13:22.809162,0
0,0,0,0,0,2023-05-08 21:13:23.809341,0
0,0,0,0,0,2023-05-08 21:13:25.810024,0
0,0,0,0,0,2023-05-08 21:13:26.810633,0
0,0,0,0,0,2023-05-08 21:13:27.811137,0
0,0,0,0,0,2023-05-08 21:13:28.812029,0
0,0,0,0,0,2023-05-08 21:13:29.812923,0
0,0,0,0,0,2023-05-08 21:13:30.813573,0
0,0,0,0,0,2023-05-08 21:13:31.814269,0
0,0,0,0,0,2023-05-08 21:13:32.815210,0
0,0,0,0,0,2023-05-08 21:13:33.815702,0
0,0,0,0,0,2023-05-08 21:13:34.815797,0
0,0,0,0,0,2023-05-08 21:13:35.815999,0
0,0,0,0,0,2023-05-08 21:13:36.816410,0
0,0,0,0,0,2023-05-08 21:13:37.816766,0
0,0,0,0,0,2023-05-08 21:13:38.817602,0
0,0,0,0,0,2023-05-08 21:13:39.817895,0
0,0,0,0,0,2023-05-08 21:13:42.852321,0
0,0,0,0,0,2023-05-08 21:13:43.853190,0
0,0,0,0,0,2023-05-08 21:13:44.853635,0
0,0,0,0,0,2023-05-08 21:13:45.854435,0
0,0,0,0,0,2023-05-08 21:13:46.854551,0
0,0,0,0,0,2023-05-08 21:13:47.855406,0
0,0,0,0,0,2023-05-08 21:13:48.856205,0
0,0,0,0,0,2023-05-08 21:13:49.856598,0
0,0,0,0,0,2023-05-08 21:13:50.857146,0
0,0,0,0,0,2023-05-08 21:13:51.858031,0
0,0,0,0,0,2023-05-08 21:13:52.976041,0
0,0,0,0,0,2023-05-08 21:13:53.976274,0
0,0,0,0,0,2023-05-08 21:13:54.976324,0
0,0,0,0,0,2023-05-08 21:13:55.976847,0
0,0,0,0,0,2023-05-08 21:13:56.976937,0
0,0,0,0,0,2023-05-08 21:13:57.976975,0
0,0,0,0,0,2023-05-08 21:13:59.977628,0
0,0,0,0,0,2023-05-08 21:14:03.979529,0
0,0,0,0,0,2023-05-08 21:14:04.979769,0
0,0,0,0,0,2023-05-08 21:14:05.980413,0
0,0,0,0,0,2023-05-08 21:14:06.981108,0
0,0,0,0,0,2023-05-08 21:14:07.981569,0
0,0,0,0,0,2023-05-08 21:14:08.981630,0
0,0,0,0,0,2023-05-08 21:14:09.982185,0
0,0,0,0,0,2023-05-08 21:14:10.983130,0
0,0,0,0,0,2023-05-08 21:14:11.983403,0
0,0,0,0,0,2023-05-08 21:14:12.983707,0
0,0,0,0,0,2023-05-08 21:14:13.984177,0
0,0,0,0,0,2023-05-08 21:14:14.984601,0
0,0,0,0,0,2023-05-08 21:14:15.984902,0
0,0,0,0,0,2023-05-08 21:14:16.985123,0
0,0,0,0,0,2023-05-08 21:14:17.985130,0
0,0,0,0,0,2023-05-08 21:14:20.260578,0
0,0,0,0,0,2023-05-08 21:14:21.261462,0
0,0,0,0,0,2023-05-08 21:14:22.262141,0
0,0,0,0,0,2023-05-08 21:14:23.262879,0
0,0,0,0,0,2023-05-08 21:14:24.263226,0
0,0,0,0,0,2023-05-08 21:14:25.264107,0
0,0,0,0,0,2023-05-08 21:14:26.264832,0
0,0,0,0,0,2023-05-08 21:14:27.265559,0
0,0,0,0,0,2023-05-08 21:14:29.265836,0
0,0,0,0,0,2023-05-08 21:14:31.267249,0
0,0,0,0,0,2023-05-08 21:14:32.267883,0
0,0,0,0,0,2023-05-08 21:14:33.268664,0
0,0,0,0,0,2023-05-08 21:14:34.268880,0
0,0,0,0,0,2023-05-08 21:14:35.269644,0
0,0,0,0,0,2023-05-08 21:14:36.270267,0
0,0,0,0,0,2023-05-08 21:14:37.270434,0
0,0,0,0,0,2023-05-08 21:14:38.270863,0
0,0,0,0,0,2023-05-08 21:14:39.271640,0
0,0,0,0,0,2023-05-08 21:14:40.271898,0
0,0,0,0,0,2023-05-08 21:14:41.272625,0
0,0,0,0,0,2023-05-08 21:14:42.272914,0
0,0,0,0,0,2023-05-08 21:14:43.273682,0
0,0,0,0,0,2023-05-08 21:14:44.273698,0
0,0,0,0,0,2023-05-08 21:14:45.274225,0
0,0,0,0,0,2023-05-08 21:14:46.274300,0
0,0,0,0,0,2023-05-08 21:14:47.274456,0
0,0,0,0,0,2023-05-08 21:14:48.275133,0
0,0,0,0,0,2023-05-08 21:14:49.275551,0
0,0,0,0,0,2023-05-08 21:14:50.275727,0
0,0,0,0,0,2023-05-08 21:14:51.276199,0
0,0,0,0,0,2023-05-08 21:14:52.276254,0
0,0,0,0,0,2023-05-08 21:14:53.277200,0
0,0,0,0,0,2023-05-08 21:14:54.278198,0
0,0,0,0,0,2023-05-08 21:14:55.278621,0
0,0,0,0,0,2023-05-08 21:14:56.279357,0
0,0,0,0,0,2023-05-08 21:14:57.280067,0
0,0,0,0,0,2023-05-08 21:14:59.281412,0
0,0,0,0,0,2023-05-08 21:15:00.282039,0
0,0,0,0,0,2023-05-08 21:15:02.283050,0
0,0,0,0,0,2023-05-08 21:15:03.283401,0
0,0,0,0,0,2023-05-08 21:15:04.283793,0
0,0,0,0,0,2023-05-08 21:15:05.284772,0
0,0,0,0,0,2023-05-08 21:15:06.284857,0
0,0,0,0,0,2023-05-08 21:15:07.285009,0
0,0,0,0,0,2023-05-08 21:15:08.285502,0
0,0,0,0,0,2023-05-08 21:15:09.285738,0
0,0,0,0,0,2023-05-08 21:15:10.286180,0
0,0,0,0,0,2023-05-08 21:15:11.286379,0
0,0,0,0,0,2023-05-08 21:15:12.286739,0
0,0,0,0,0,2023-05-08 21:15:13.287346,0
0,0,0,0,0,2023-05-08 21:15:14.287809,0
0,0,0,0,0,2023-05-08 21:15:15.288136,0
0,0,0,0,0,2023-05-08 21:15:17.289676,0
0,0,0,0,0,2023-05-08 21:15:19.290365,0
0,0,0,0,0,2023-05-08 21:15:20.290868,0
0,0,0,0,0,2023-05-08 21:15:22.292230,0
0,0,0,0,0,2023-05-08 21:15:23.292275,0
0,0,0,0,0,2023-05-08 21:15:25.293954,0
0,0,0,0,0,2023-05-08 21:15:27.295072,0
0,0,0,0,0,2023-05-08 21:15:28.295965,0
0,0,0,0,0,2023-05-08 21:15:29.296323,0
0,0,0,0,0,2023-05-08 21:15:30.297247,0
0,0,0,0,0,2023-05-08 21:15:31.297657,0
0,0,0,0,0,2023-05-08 21:15:32.298042,0
0,0,0,0,0,2023-05-08 21:15:33.298056,0
0,0,0,0,0,2023-05-08 21:15:35.298778,0
0,0,0,0,0,2023-05-08 21:15:36.299624,0
0,0,0,0,0,2023-05-08 21:15:37.299810,0
0,0,0,0,0,2023-05-08 21:15:38.300083,0
0,0,0,0,0,2023-05-08 21:15:39.300873,0
0,0,0,0,0,2023-05-08 21:15:40.301164,0
0,0,0,0,0,2023-05-08 21:15:41.301209,0
0,0,0,0,0,2023-05-08 21:15:43.302039,0
0,0,0,0,0,2023-05-08 21:15:44.302952,0
0,0,0,0,0,2023-05-08 21:15:45.303446,0
0,0,0,0,0,2023-05-08 21:15:46.303759,0
0,0,0,0,0,2023-05-08 21:15:47.304751,0
0,0,0,0,0,2023-05-08 21:15:48.305387,0
0,0,0,0,0,2023-05-08 21:15:49.306022,0
0,0,0,0,0,2023-05-08 21:15:50.306679,0
0,0,0,0,0,2023-05-08 21:15:51.307583,0
0,0,0,0,0,2023-05-08 21:15:52.308556,0
0,0,0,0,0,2023-05-08 21:15:53.309102,0
0,0,0,0,0,2023-05-08 21:15:55.310380,0
0,0,0,0,0,2023-05-08 21:15:57.310955,0
0,0,0,0,0,2023-05-08 21:15:58.311940,0
0,0,0,0,0,2023-05-08 21:15:59.312036,0
0,0,0,0,0,2023-05-08 21:16:00.312789,0
0,0,0,0,0,2023-05-08 21:16:01.313641,0
0,0,0,0,0,2023-05-08 21:16:02.313665,0
0,0,0,0,0,2023-05-08 21:16:03.313858,0
0,0,0,0,0,2023-05-08 21:16:04.314655,0
0,0,0,0,0,2023-05-08 21:16:05.314789,0
0,0,0,0,0,2023-05-08 21:16:06.315482,0
0,0,0,0,0,2023-05-08 21:16:07.315552,0
0,0,0,0,0,2023-05-08 21:16:08.316216,0
0,0,0,0,0,2023-05-08 21:16:09.316226,0
0,0,0,0,0,2023-05-08 21:16:10.316715,0
0,0,0,0,0,2023-05-08 21:16:11.317231,0
0,0,0,0,0,2023-05-08 21:16:12.317592,0
0,0,0,0,0,2023-05-08 21:16:13.317949,0
0,0,0,0,0,2023-05-08 21:16:14.318129,0
0,0,0,0,0,2023-05-08 21:16:15.318223,0
0,0,0,0,0,2023-05-08 21:16:16.319136,0
0,0,0,0,0,2023-05-08 21:16:18.320153,0
0,0,0,0,0,2023-05-08 21:16:19.320514,0
0,0,0,0,0,2023-05-08 21:16:20.320588,0
0,0,0,0,0,2023-05-08 21:16:21.321588,0
0,0,0,0,0,2023-05-08 21:16:22.322415,0
0,0,0,0,0,2023-05-08 21:16:23.322551,0
0,0,0,0,0,2023-05-08 21:16:24.322916,0
0,0,0,0,0,2023-05-08 21:16:25.323418,0
0,0,0,0,0,2023-05-08 21:16:26.323578,0
0,0,0,0,0,2023-05-08 21:16:27.324102,0
0,0,0,0,0,2023-05-08 21:16:28.324198,0
0,0,0,0,0,2023-05-08 21:16:29.324215,0
0,0,0,0,0,2023-05-08 21:16:30.324345,0
0,0,0,0,0,2023-05-08 21:16:31.324362,0
0,0,0,0,0,2023-05-08 21:16:36.325874,0
0,0,0,0,0,2023-05-08 21:16:37.326679,0
0,0,0,0,0,2023-05-08 21:16:38.327161,0
0,0,0,0,0,2023-05-08 21:16:39.327352,0
0,0,0,0,0,2023-05-08 21:16:40.327380,0
0,0,0,0,0,2023-05-08 21:16:41.327432,0
0,0,0,0,0,2023-05-08 21:16:42.327584,0
0,0,0,0,0,2023-05-08 21:16:43.328008,0
0,0,0,0,0,2023-05-08 21:16:44.328729,0
0,0,0,0,0,2023-05-08 21:16:45.329176,0
0,0,0,0,0,2023-05-08 21:16:46.329212,0
0,0,0,0,0,2023-05-08 21:16:47.329626,0
0,0,0,0,0,2023-05-08 21:16:48.330398,0
0,0,0,0,0,2023-05-08 21:16:49.330719,0
0,0,0,0,0,2023-05-08 21:16:50.330831,0
0,0,0,0,0,2023-05-08 21:16:51.330891,0
0,0,0,0,0,2023-05-08 21:16:52.331279,0
0,0,0,0,0,2023-05-08 21:16:53.331829,0
0,0,0,0,0,2023-05-08 21:16:54.332104,0
0,0,0,0,0,2023-05-08 21:16:55.332713,0
0,0,0,0,0,2023-05-08 21:16:57.333923,0
0,0,0,0,0,2023-05-08 21:16:58.334735,0
0,0,0,0,0,2023-05-08 21:16:59.335178,0
0,0,0,0,0,2023-05-08 21:17:00.335817,0
0,0,0,0,0,2023-05-08 21:17:01.336725,0
0,0,0,0,0,2023-05-08 21:17:02.337409,0
0,0,0,0,0,2023-05-08 21:17:03.337770,0
0,0,0,0,0,2023-05-08 21:17:04.338754,0
0,0,0,0,0,2023-05-08 21:17:05.339559,0
0,0,0,0,0,2023-05-08 21:17:06.339621,0
0,0,0,0,0,2023-05-08 21:17:07.340419,0
0,0,0,0,0,2023-05-08 21:17:11.342687,0
0,0,0,0,0,2023-05-08 21:17:12.343434,0
0,0,0,0,0,2023-05-08 21:17:13.344175,0
0,0,0,0,0,2023-05-08 21:17:14.344497,0
0,0,0,0,0,2023-05-08 21:17:15.344839,0
0,0,0,0,0,2023-05-08 21:17:16.345034,0
0,0,0,0,0,2023-05-08 21:17:17.345087,0
0,0,0,0,0,2023-05-08 21:17:18.346546,0
0,0,0,0,0,2023-05-08 21:17:19.346878,0
0,0,0,0,0,2023-05-08 21:17:20.347450,0
0,0,0,0,0,2023-05-08 21:17:21.347839,0
0,0,0,0,0,2023-05-08 21:17:22.348824,0
0,0,0,0,0,2023-05-08 21:17:23.348881,0
0,0,0,0,0,2023-05-08 21:17:24.349297,0
0,0,0,0,0,2023-05-08 21:17:25.349363,0
0,0,0,0,0,2023-05-08 21:17:26.350227,0
0,0,0,0,0,2023-05-08 21:17:27.350821,0
0,0,0,0,0,2023-05-08 21:17:28.351813,0
0,0,0,0,0,2023-05-08 21:17:29.352202,0
0,0,0,0,0,2023-05-08 21:17:30.352863,0
0,0,0,0,0,2023-05-08 21:17:32.354497,0
0,0,0,0,0,2023-05-08 21:17:33.355186,0
0,0,0,0,0,2023-05-08 21:17:34.355991,0
0,0,0,0,0,2023-05-08 21:17:35.356800,0
0,0,0,0,0,2023-05-08 21:17:36.357293,0
0,0,0,0,0,2023-05-08 21:17:37.357924,0
0,0,0,0,0,2023-05-08 21:17:38.358832,0
0,0,0,0,0,2023-05-08 21:17:39.359709,0
0,0,0,0,0,2023-05-08 21:17:40.360013,0
0,0,0,0,0,2023-05-08 21:17:41.360720,0
0,0,0,0,0,2023-05-08 21:17:42.360720,0
0,0,0,0,0,2023-05-08 21:17:43.361052,0
0,0,0,0,0,2023-05-08 21:17:44.361454,0
0,0,0,0,0,2023-05-08 21:17:45.362290,0
0,0,0,0,0,2023-05-08 21:17:46.363077,0
0,0,0,0,0,2023-05-08 21:17:47.363126,0
0,0,0,0,0,2023-05-08 21:17:48.363956,0
0,0,0,0,0,2023-05-08 21:17:49.364153,0
0,0,0,0,0,2023-05-08 21:17:50.364561,0
0,0,0,0,0,2023-05-08 21:17:51.364961,0
0,0,0,0,0,2023-05-08 21:17:52.365126,0
0,0,0,0,0,2023-05-08 21:17:53.365619,0
0,0,0,0,0,2023-05-08 21:17:54.366246,0
0,0,0,0,0,2023-05-08 21:17:55.366918,0
0,0,0,0,0,2023-05-08 21:17:56.367277,0
0,0,0,0,0,2023-05-08 21:17:57.367729,0
0,0,0,0,0,2023-05-08 21:17:58.368698,0
0,0,0,0,0,2023-05-08 21:17:59.369080,0
0,0,0,0,0,2023-05-08 21:18:00.369822,0
0,0,0,0,0,2023-05-08 21:18:01.370429,0
0,0,0,0,0,2023-05-08 21:18:02.371321,0
0,0,0,0,0,2023-05-08 21:18:03.372208,0
0,0,0,0,0,2023-05-08 21:18:04.372668,0
0,0,0,0,0,2023-05-08 21:18:06.374104,0
0,0,0,0,0,2023-05-08 21:18:07.374671,0
0,0,0,0,0,2023-05-08 21:18:08.375521,0
0,0,0,0,0,2023-05-08 21:18:09.375755,0
0,0,0,0,0,2023-05-08 21:18:10.376424,0
0,0,0,0,0,2023-05-08 21:18:11.376899,0
0,0,0,0,0,2023-05-08 21:18:13.377899,0
0,0,0,0,0,2023-05-08 21:18:14.378464,0
0,0,0,0,0,2023-05-08 21:18:15.378591,0
0,0,0,0,0,2023-05-08 21:18:16.379453,0
0,0,0,0,0,2023-05-08 21:18:17.380417,0
0,0,0,0,0,2023-05-08 21:18:19.380830,0
0,0,0,0,0,2023-05-08 21:18:21.382053,0
0,0,0,0,0,2023-05-08 21:18:22.382294,0
0,0,0,0,0,2023-05-08 21:18:23.382647,0
0,0,0,0,0,2023-05-08 21:18:24.383129,0
0,0,0,0,0,2023-05-08 21:18:25.383658,0
0,0,0,0,0,2023-05-08 21:18:26.384385,0
0,0,0,0,0,2023-05-08 21:18:27.384544,0
0,0,0,0,0,2023-05-08 21:18:28.384976,0
0,0,0,0,0,2023-05-08 21:18:29.385330,0
0,0,0,0,0,2023-05-08 21:18:30.385967,0
0,0,0,0,0,2023-05-08 21:18:31.386813,0
0,0,0,0,0,2023-05-08 21:18:32.387506,0
0,0,0,0,0,2023-05-08 21:18:33.388265,0
0,0,0,0,0,2023-05-08 21:18:34.388788,0
0,0,0,0,0,2023-05-08 21:18:36.390161,0
0,0,0,0,0,2023-05-08 21:18:37.390901,0
0,0,0,0,0,2023-05-08 21:18:38.391718,0
0,0,0,0,0,2023-05-08 21:18:39.392160,0
0,0,0,0,0,2023-05-08 21:18:40.393108,0
0,0,0,0,0,2023-05-08 21:18:42.394142,0
0,0,0,0,0,2023-05-08 21:18:44.394667,0
0,0,0,0,0,2023-05-08 21:18:45.395441,0
0,0,0,0,0,2023-05-08 21:18:46.395697,0
0,0,0,0,0,2023-05-08 21:18:47.396275,0
0,0,0,0,0,2023-05-08 21:18:48.396909,0
0,0,0,0,0,2023-05-08 21:18:49.397691,0
0,0,0,0,0,2023-05-08 21:18:50.398089,0
0,0,0,0,0,2023-05-08 21:18:51.398500,0
0,0,0,0,0,2023-05-08 21:18:52.399488,0
0,0,0,0,0,2023-05-08 21:18:53.399804,0
0,0,0,0,0,2023-05-08 21:18:54.400500,0
0,0,0,0,0,2023-05-08 21:18:55.401115,0
0,0,0,0,0,2023-05-08 21:18:56.401653,0
0,0,0,0,0,2023-05-08 21:18:57.402499,0
0,0,0,0,0,2023-05-08 21:18:58.402872,0
0,0,0,0,0,2023-05-08 21:18:59.403618,0
0,0,0,0,0,2023-05-08 21:19:00.404428,0
0,0,0,0,0,2023-05-08 21:19:01.405208,0
0,0,0,0,0,2023-05-08 21:19:02.405227,0
0,0,0,0,0,2023-05-08 21:19:03.405827,0
0,0,0,0,0,2023-05-08 21:19:05.406244,0
0,0,0,0,0,2023-05-08 21:19:06.407120,0
0,0,0,0,0,2023-05-08 21:19:07.407185,0
0,0,0,0,0,2023-05-08 21:19:08.407822,0
0,0,0,0,0,2023-05-08 21:19:09.408122,0
0,0,0,0,0,2023-05-08 21:19:10.408892,0
0,0,0,0,0,2023-05-08 21:19:11.409177,0
0,0,0,0,0,2023-05-08 21:19:13.409639,0
0,0,0,0,0,2023-05-08 21:19:14.409751,0
0,0,0,0,0,2023-05-08 21:19:15.409968,0
0,0,0,0,0,2023-05-08 21:19:17.411084,0
0,0,0,0,0,2023-05-08 21:19:18.412079,0
0,0,0,0,0,2023-05-08 21:19:21.414021,0
0,0,0,0,0,2023-05-08 21:19:22.414634,0
0,0,0,0,0,2023-05-08 21:19:23.415187,0
0,0,0,0,0,2023-05-08 21:19:24.415374,0
0,0,0,0,0,2023-05-08 21:19:26.416508,0
0,0,0,0,0,2023-05-08 21:19:28.417885,0
0,0,0,0,0,2023-05-08 21:19:29.418796,0
0,0,0,0,0,2023-05-08 21:19:30.419371,0
0,0,0,0,0,2023-05-08 21:19:31.420029,0
0,0,0,0,0,2023-05-08 21:19:32.420815,0
0,0,0,0,0,2023-05-08 21:19:33.421519,0
0,0,0,0,0,2023-05-08 21:19:34.422389,0
0,0,0,0,0,2023-05-08 21:19:35.422683,0
0,0,0,0,0,2023-05-08 21:19:36.422999,0
0,0,0,0,0,2023-05-08 21:19:38.424757,0
0,0,0,0,0,2023-05-08 21:19:39.425677,0
0,0,0,0,0,2023-05-08 21:19:40.426114,0
0,0,0,0,0,2023-05-08 21:19:41.426707,0
0,0,0,0,0,2023-05-08 21:19:42.427351,0
0,0,0,0,0,2023-05-08 21:19:43.427492,0
0,0,0,0,0,2023-05-08 21:19:45.428419,0
0,0,0,0,0,2023-05-08 21:19:49.430000,0
0,0,0,0,0,2023-05-08 21:19:50.430063,0
0,0,0,0,0,2023-05-08 21:19:51.430292,0
0,0,0,0,0,2023-05-08 21:19:53.431674,0
0,0,0,0,0,2023-05-08 21:19:54.432572,0
0,0,0,0,0,2023-05-08 21:19:55.433266,0
0,0,0,0,0,2023-05-08 21:19:56.433833,0
0,0,0,0,0,2023-05-08 21:19:57.433852,0
0,0,0,0,0,2023-05-08 21:19:58.433900,0
0,0,0,0,0,2023-05-08 21:19:59.434841,0
0,0,0,0,0,2023-05-08 21:20:00.435807,0
0,0,0,0,0,2023-05-08 21:20:01.436469,0
0,0,0,0,0,2023-05-08 21:20:02.436755,0
0,0,0,0,0,2023-05-08 21:20:03.436915,0
0,0,0,0,0,2023-05-08 21:20:04.437415,0
0,0,0,0,0,2023-05-08 21:20:06.438047,0
0,0,0,0,0,2023-05-08 21:20:07.438347,0
0,0,0,0,0,2023-05-08 21:20:08.438545,0
0,0,0,0,0,2023-05-08 21:20:09.439020,0
0,0,0,0,0,2023-05-08 21:20:10.439273,0
0,0,0,0,0,2023-05-08 21:20:11.439450,0
0,0,0,0,0,2023-05-08 21:20:12.439899,0
0,0,0,0,0,2023-05-08 21:20:13.440865,0
0,0,0,0,0,2023-05-08 21:20:14.441623,0
0,0,0,0,0,2023-05-08 21:20:15.441633,0
0,0,0,0,0,2023-05-08 21:20:16.441683,0
0,0,0,0,0,2023-05-08 21:20:17.442317,0
0,0,0,0,0,2023-05-08 21:20:18.442465,0
0,0,0,0,0,2023-05-08 21:20:19.442758,0
0,0,0,0,0,2023-05-08 21:20:20.443261,0
0,0,0,0,0,2023-05-08 21:20:21.443526,0
0,0,0,0,0,2023-05-08 21:20:22.444008,0
0,0,0,0,0,2023-05-08 21:20:23.444548,0
0,0,0,0,0,2023-05-08 21:20:24.445112,0
0,0,0,0,0,2023-05-08 21:20:25.445116,0
0,0,0,0,0,2023-05-08 21:20:26.631135,0
0,0,0,0,0,2023-05-08 21:20:27.631626,0
0,0,0,0,0,2023-05-08 21:20:28.631789,0
0,0,0,0,0,2023-05-08 21:20:29.631977,0
0,0,0,0,0,2023-05-08 21:20:30.632649,0
0,0,0,0,0,2023-05-08 21:20:31.633490,0
0,0,0,0,0,2023-05-08 21:20:32.633830,0
0,0,0,0,0,2023-05-08 21:20:33.634349,0
0,0,0,0,0,2023-05-08 21:20:34.634393,0
0,0,0,0,0,2023-05-08 21:20:35.634686,0
0,0,0,0,0,2023-05-08 21:20:36.635629,0
0,0,0,0,0,2023-05-08 21:20:37.636625,0
0,0,0,0,0,2023-05-08 21:20:38.637048,0
0,0,0,0,0,2023-05-08 21:20:39.637204,0
0,0,0,0,0,2023-05-08 21:20:40.637441,0
0,0,0,0,0,2023-05-08 21:20:41.637643,0
0,0,0,0,0,2023-05-08 21:20:42.637667,0
0,0,0,0,0,2023-05-08 21:20:43.638589,0
0,0,0,0,0,2023-05-08 21:20:44.638778,0
0,0,0,0,0,2023-05-08 21:20:45.638778,0
0,0,0,0,0,2023-05-08 21:20:46.639208,0
0,0,0,0,0,2023-05-08 21:20:47.639448,0
0,0,0,0,0,2023-05-08 21:20:48.639481,0
0,0,0,0,0,2023-05-08 21:20:49.639484,0
0,0,0,0,0,2023-05-08 21:20:50.639506,0
0,0,0,0,0,2023-05-08 21:20:51.640496,0
0,0,0,0,0,2023-05-08 21:20:52.640784,0
0,0,0,0,0,2023-05-08 21:20:53.641195,0
0,0,0,0,0,2023-05-08 21:20:54.641563,0
0,0,0,0,0,2023-05-08 21:20:55.641603,0
0,0,0,0,0,2023-05-08 21:20:57.641990,0
0,0,0,0,0,2023-05-08 21:20:58.642005,0
0,0,0,0,0,2023-05-08 21:20:59.642090,0
0,0,0,0,0,2023-05-08 21:21:00.642479,0
0,0,0,0,0,2023-05-08 21:21:01.643022,0
0,0,0,0,0,2023-05-08 21:21:02.643780,0
0,0,0,0,0,2023-05-08 21:21:03.644687,0
0,0,0,0,0,2023-05-08 21:21:04.645118,0
0,0,0,0,0,2023-05-08 21:21:05.645165,0
0,0,0,0,0,2023-05-08 21:21:10.647877,0
0,0,0,0,0,2023-05-08 21:21:11.648560,0
0,0,0,0,0,2023-05-08 21:21:12.648699,0
0,0,0,0,0,2023-05-08 21:21:13.648748,0
0,0,0,0,0,2023-05-08 21:21:14.649011,0
0,0,0,0,0,2023-05-08 21:21:15.649333,0
0,0,0,0,0,2023-05-08 21:21:16.649617,0
0,0,0,0,0,2023-05-08 21:21:17.650443,0
0,0,0,0,0,2023-05-08 21:21:19.652075,0
0,0,0,0,0,2023-05-08 21:21:20.652254,0
0,0,0,0,0,2023-05-08 21:21:21.652590,0
0,0,0,0,0,2023-05-08 21:21:22.652873,0
0,0,0,0,0,2023-05-08 21:21:23.653525,0
0,0,0,0,0,2023-05-08 21:21:24.654006,0
0,0,0,0,0,2023-05-08 21:21:25.654520,0
0,0,0,0,0,2023-05-08 21:21:26.654895,0
0,0,0,0,0,2023-05-08 21:21:27.655818,0
0,0,0,0,0,2023-05-08 21:21:28.655958,0
0,0,0,0,0,2023-05-08 21:21:36.008647,0
0,0,0,0,0,2023-05-08 21:21:37.009037,0
0,0,0,0,0,2023-05-08 21:21:38.009662,0
0,0,0,0,0,2023-05-08 21:21:40.011254,0
0,0,0,0,0,2023-05-08 21:21:41.011895,0
0,0,0,0,0,2023-05-08 21:21:42.011968,0
0,0,0,0,0,2023-05-08 21:21:43.012646,0
0,0,0,0,0,2023-05-08 21:21:45.013080,0
0,0,0,0,0,2023-05-08 21:21:46.013249,0
0,0,0,0,0,2023-05-08 21:21:47.013255,0
0,0,0,0,0,2023-05-08 21:21:48.013582,0
0,0,0,0,0,2023-05-08 21:21:49.014201,0
0,0,0,0,0,2023-05-08 21:21:51.015719,0
0,0,0,0,0,2023-05-08 21:21:52.016245,0
0,0,0,0,0,2023-05-08 21:21:54.017486,0
0,0,0,0,0,2023-05-08 21:21:55.018157,0
0,0,0,0,0,2023-05-08 21:21:56.018388,0
0,0,0,0,0,2023-05-08 21:21:57.019375,0
0,0,0,0,0,2023-05-08 21:21:58.020004,0
0,0,0,0,0,2023-05-08 21:21:59.020364,0
0,0,0,0,0,2023-05-08 21:22:00.020826,0
0,0,0,0,0,2023-05-08 21:22:01.021365,0
0,0,0,0,0,2023-05-08 21:22:02.021697,0
0,0,0,0,0,2023-05-08 21:22:03.021932,0
0,0,0,0,0,2023-05-08 21:22:04.022042,0
0,0,0,0,0,2023-05-08 21:22:05.022674,0
0,0,0,0,0,2023-05-08 21:22:06.022964,0
0,0,0,0,0,2023-05-08 21:22:08.024381,0
0,0,0,0,0,2023-05-08 21:22:09.024514,0
0,0,0,0,0,2023-05-08 21:22:10.025268,0
0,0,0,0,0,2023-05-08 21:22:11.025821,0
0,0,0,0,0,2023-05-08 21:22:12.026723,0
0,0,0,0,0,2023-05-08 21:22:13.027212,0
0,0,0,0,0,2023-05-08 21:22:16.029872,0
0,0,0,0,0,2023-05-08 21:22:18.030456,0
0,0,0,0,0,2023-05-08 21:22:19.030989,0
0,0,0,0,0,2023-05-08 21:22:20.031260,0
0,0,0,0,0,2023-05-08 21:22:21.031272,0
0,0,0,0,0,2023-05-08 21:22:23.032970,0
0,0,0,0,0,2023-05-08 21:22:24.082616,0
0,0,0,0,0,2023-05-08 21:22:25.083215,0
0,0,0,0,0,2023-05-08 21:22:26.083600,0
0,0,0,0,0,2023-05-08 21:22:27.083771,0
0,0,0,0,0,2023-05-08 21:22:29.084786,0
0,0,0,0,0,2023-05-08 21:22:30.085413,0
0,0,0,0,0,2023-05-08 21:22:31.086392,0
0,0,0,0,0,2023-05-08 21:22:32.086689,0
0,0,0,0,0,2023-05-08 21:22:33.087329,0
0,0,0,0,0,2023-05-08 21:22:34.087476,0
0,0,0,0,0,2023-05-08 21:22:35.087752,0
0,0,0,0,0,2023-05-08 21:22:36.088560,0
0,0,0,0,0,2023-05-08 21:22:37.088740,0
0,0,0,0,0,2023-05-08 21:22:38.088989,0
0,0,0,0,0,2023-05-08 21:22:39.089771,0
0,0,0,0,0,2023-05-08 21:22:40.090479,0
0,0,0,0,0,2023-05-08 21:22:41.090574,0
0,0,0,0,0,2023-05-08 21:22:43.091692,0
0,0,0,0,0,2023-05-08 21:22:44.092700,0
0,0,0,0,0,2023-05-08 21:22:45.092799,0
0,0,0,0,0,2023-05-08 21:22:46.093279,0
0,0,0,0,0,2023-05-08 21:22:47.093582,0
0,0,0,0,0,2023-05-08 21:22:48.094803,0
0,0,0,0,0,2023-05-08 21:22:49.095506,0
0,0,0,0,0,2023-05-08 21:22:50.095835,0
0,0,0,0,0,2023-05-08 21:22:53.096603,0
0,0,0,0,0,2023-05-08 21:22:54.096724,0
0,0,0,0,0,2023-05-08 21:22:55.097411,0
0,0,0,0,0,2023-05-08 21:22:56.098387,0
0,0,0,0,0,2023-05-08 21:22:57.098912,0
0,0,0,0,0,2023-05-08 21:22:58.099422,0
0,0,0,0,0,2023-05-08 21:22:59.099829,0
0,0,0,0,0,2023-05-08 21:23:00.100659,0
0,0,0,0,0,2023-05-08 21:23:01.101494,0
0,0,0,0,0,2023-05-08 21:23:02.102349,0
0,0,0,0,0,2023-05-08 21:23:03.102363,0
0,0,0,0,0,2023-05-08 21:23:04.103112,0
0,0,0,0,0,2023-05-08 21:23:05.103332,0
0,0,0,0,0,2023-05-08 21:23:06.104134,0
0,0,0,0,0,2023-05-08 21:23:07.104426,0
0,0,0,0,0,2023-05-08 21:23:09.105520,0
0,0,0,0,0,2023-05-08 21:23:11.106996,0
0,0,0,0,0,2023-05-08 21:23:12.107601,0
0,0,0,0,0,2023-05-08 21:23:13.107609,0
0,0,0,0,0,2023-05-08 21:23:14.107808,0
0,0,0,0,0,2023-05-08 21:23:15.108278,0
0,0,0,0,0,2023-05-08 21:23:16.109183,0
0,0,0,0,0,2023-05-08 21:23:17.109186,0
0,0,0,0,0,2023-05-08 21:23:19.110404,0
0,0,0,0,0,2023-05-08 21:23:20.110634,0
0,0,0,0,0,2023-05-08 21:23:21.110813,0
0,0,0,0,0,2023-05-08 21:23:22.111573,0
0,0,0,0,0,2023-05-08 21:23:23.112318,0
0,0,0,0,0,2023-05-08 21:23:24.113214,0
0,0,0,0,0,2023-05-08 21:23:25.113619,0
0,0,0,0,0,2023-05-08 21:23:26.113919,0
0,0,0,0,0,2023-05-08 21:23:27.114726,0
0,0,0,0,0,2023-05-08 21:23:29.115815,0
0,0,0,0,0,2023-05-08 21:23:30.116368,0
0,0,0,0,0,2023-05-08 21:23:31.116380,0
0,0,0,0,0,2023-05-08 21:23:32.116604,0
0,0,0,0,0,2023-05-08 21:23:33.117528,0
0,0,0,0,0,2023-05-08 21:23:34.118081,0
0,0,0,0,0,2023-05-08 21:23:35.118599,0
0,0,0,0,0,2023-05-08 21:23:36.118912,0
0,0,0,0,0,2023-05-08 21:23:37.119494,0
0,0,0,0,0,2023-05-08 21:23:38.120437,0
0,0,0,0,0,2023-05-08 21:23:39.120863,0
0,0,0,0,0,2023-05-08 21:23:40.121505,0
0,0,0,0,0,2023-05-08 21:23:42.122423,0
0,0,0,0,0,2023-05-08 21:23:44.124145,0
0,0,0,0,0,2023-05-08 21:23:45.124175,0
0,0,0,0,0,2023-05-08 21:23:46.124426,0
0,0,0,0,0,2023-05-08 21:23:47.125002,0
0,0,0,0,0,2023-05-08 21:23:48.125706,0
0,0,0,0,0,2023-05-08 21:23:49.126459,0
0,0,0,0,0,2023-05-08 21:23:50.127419,0
0,0,0,0,0,2023-05-08 21:23:51.127788,0
0,0,0,0,0,2023-05-08 21:23:52.128780,0
0,0,0,0,0,2023-05-08 21:23:53.129732,0
0,0,0,0,0,2023-05-08 21:23:54.130528,0
0,0,0,0,0,2023-05-08 21:23:55.131318,0
0,0,0,0,0,2023-05-08 21:23:56.132244,0
0,0,0,0,0,2023-05-08 21:23:57.132508,0
0,0,0,0,0,2023-05-08 21:23:58.133053,0
0,0,0,0,0,2023-05-08 21:23:59.133094,0
0,0,0,0,0,2023-05-08 21:24:00.133904,0
0,0,0,0,0,2023-05-08 21:24:01.134182,0
0,0,0,0,0,2023-05-08 21:24:02.134402,0
0,0,0,0,0,2023-05-08 21:24:03.135231,0
0,0,0,0,0,2023-05-08 21:24:04.135295,0
0,0,0,0,0,2023-05-08 21:24:06.136122,0
0,0,0,0,0,2023-05-08 21:24:07.136273,0
0,0,0,0,0,2023-05-08 21:24:08.136893,0
0,0,0,0,0,2023-05-08 21:24:10.137792,0
0,0,0,0,0,2023-05-08 21:24:11.138751,0
0,0,0,0,0,2023-05-08 21:24:12.139490,0
0,0,0,0,0,2023-05-08 21:24:13.139574,0
0,0,0,0,0,2023-05-08 21:24:16.141245,0
0,0,0,0,0,2023-05-08 21:24:17.142061,0
0,0,0,0,0,2023-05-08 21:24:18.142993,0
0,0,0,0,0,2023-05-08 21:24:19.143347,0
0,0,0,0,0,2023-05-08 21:24:20.143729,0
0,0,0,0,0,2023-05-08 21:24:21.144392,0
0,0,0,0,0,2023-05-08 21:24:22.145212,0
0,0,0,0,0,2023-05-08 21:24:23.145215,0
0,0,0,0,0,2023-05-08 21:24:24.145948,0
0,0,0,0,0,2023-05-08 21:24:25.146314,0
0,0,0,0,0,2023-05-08 21:24:26.146794,0
0,0,0,0,0,2023-05-08 21:24:27.147261,0
0,0,0,0,0,2023-05-08 21:24:28.147449,0
0,0,0,0,0,2023-05-08 21:24:29.148064,0
0,0,0,0,0,2023-05-08 21:24:30.148488,0
0,0,0,0,0,2023-05-08 21:24:31.148852,0
0,0,0,0,0,2023-05-08 21:24:32.149698,0
0,0,0,0,0,2023-05-08 21:24:34.150885,0
0,0,0,0,0,2023-05-08 21:24:35.150988,0
0,0,0,0,0,2023-05-08 21:24:36.151455,0
0,0,0,0,0,2023-05-08 21:24:37.152167,0
0,0,0,0,0,2023-05-08 21:24:38.152975,0
0,0,0,0,0,2023-05-08 21:24:39.153081,0
0,0,0,0,0,2023-05-08 21:24:40.153612,0
0,0,0,0,0,2023-05-08 21:24:41.154370,0
0,0,0,0,0,2023-05-08 21:24:42.155027,0
0,0,0,0,0,2023-05-08 21:24:44.155870,0
0,0,0,0,0,2023-05-08 21:24:45.156623,0
0,0,0,0,0,2023-05-08 21:24:46.156637,0
0,0,0,0,0,2023-05-08 21:24:47.157506,0
0,0,0,0,0,2023-05-08 21:24:48.157971,0
0,0,0,0,0,2023-05-08 21:24:49.158948,0
0,0,0,0,0,2023-05-08 21:24:50.159785,0
0,0,0,0,0,2023-05-08 21:24:51.159816,0
0,0,0,0,0,2023-05-08 21:24:52.160268,0
0,0,0,0,0,2023-05-08 21:24:53.160439,0
0,0,0,0,0,2023-05-08 21:24:54.160987,0
0,0,0,0,0,2023-05-08 21:24:55.161154,0
0,0,0,0,0,2023-05-08 21:24:56.161733,0
0,0,0,0,0,2023-05-08 21:24:57.162691,0
0,0,0,0,0,2023-05-08 21:24:58.163441,0
0,0,0,0,0,2023-05-08 21:25:01.164674,0
0,0,0,0,0,2023-05-08 21:25:02.164977,0
0,0,0,0,0,2023-05-08 21:25:03.165116,0
0,0,0,0,0,2023-05-08 21:25:05.166592,0
0,0,0,0,0,2023-05-08 21:25:06.166603,0
0,0,0,0,0,2023-05-08 21:25:07.166648,0
0,0,0,0,0,2023-05-08 21:25:08.167247,0
0,0,0,0,0,2023-05-08 21:25:09.167433,0
0,0,0,0,0,2023-05-08 21:25:10.168362,0
0,0,0,0,0,2023-05-08 21:25:12.169525,0
0,0,0,0,0,2023-05-08 21:25:13.169965,0
0,0,0,0,0,2023-05-08 21:25:14.170402,0
0,0,0,0,0,2023-05-08 21:25:15.170554,0
0,0,0,0,0,2023-05-08 21:25:16.171517,0
0,0,0,0,0,2023-05-08 21:25:17.172112,0
0,0,0,0,0,2023-05-08 21:25:21.173406,0
0,0,0,0,0,2023-05-08 21:25:22.173586,0
0,0,0,0,0,2023-05-08 21:25:23.174548,0
0,0,0,0,0,2023-05-08 21:25:25.175068,0
0,0,0,0,0,2023-05-08 21:25:26.175323,0
0,0,0,0,0,2023-05-08 21:25:27.175951,0
0,0,0,0,0,2023-05-08 21:25:28.176464,0
0,0,0,0,0,2023-05-08 21:25:29.177105,0
0,0,0,0,0,2023-05-08 21:25:30.177130,0
0,0,0,0,0,2023-05-08 21:25:31.177816,0
0,0,0,0,0,2023-05-08 21:25:33.178238,0
0,0,0,0,0,2023-05-08 21:25:34.178344,0
0,0,0,0,0,2023-05-08 21:25:35.179118,0
0,0,0,0,0,2023-05-08 21:25:37.179215,0
0,0,0,0,0,2023-05-08 21:25:38.179575,0
0,0,0,0,0,2023-05-08 21:25:39.180401,0
0,0,0,0,0,2023-05-08 21:25:40.180510,0
0,0,0,0,0,2023-05-08 21:25:42.181449,0
0,0,0,0,0,2023-05-08 21:25:44.182297,0
0,0,0,0,0,2023-05-08 21:25:45.182747,0
0,0,0,0,0,2023-05-08 21:25:46.182856,0
0,0,0,0,0,2023-05-08 21:25:47.183132,0
0,0,0,0,0,2023-05-08 21:25:48.183150,0
0,0,0,0,0,2023-05-08 21:25:49.184057,0
0,0,0,0,0,2023-05-08 21:25:50.184639,0
0,0,0,0,0,2023-05-08 21:25:51.185606,0
0,0,0,0,0,2023-05-08 21:25:52.186120,0
0,0,0,0,0,2023-05-08 21:25:53.186995,0
0,0,0,0,0,2023-05-08 21:25:54.187394,0
0,0,0,0,0,2023-05-08 21:25:55.187571,0
0,0,0,0,0,2023-05-08 21:25:57.188293,0
0,0,0,0,0,2023-05-08 21:25:58.188307,0
0,0,0,0,0,2023-05-08 21:25:59.188982,0
0,0,0,0,0,2023-05-08 21:26:00.189289,0
0,0,0,0,0,2023-05-08 21:26:01.189573,0
0,0,0,0,0,2023-05-08 21:26:02.189709,0
0,0,0,0,0,2023-05-08 21:26:03.189920,0
0,0,0,0,0,2023-05-08 21:26:04.190108,0
0,0,0,0,0,2023-05-08 21:26:05.191009,0
0,0,0,0,0,2023-05-08 21:26:06.191820,0
0,0,0,0,0,2023-05-08 21:26:07.192457,0
0,0,0,0,0,2023-05-08 21:26:08.193244,0
0,0,0,0,0,2023-05-08 21:26:09.193734,0
0,0,0,0,0,2023-05-08 21:26:10.194564,0
0,0,0,0,0,2023-05-08 21:26:11.195428,0
0,0,0,0,0,2023-05-08 21:26:12.195933,0
0,0,0,0,0,2023-05-08 21:26:14.196728,0
0,0,0,0,0,2023-05-08 21:26:15.197109,0
0,0,0,0,0,2023-05-08 21:26:16.197536,0
0,0,0,0,0,2023-05-08 21:26:17.198173,0
0,0,0,0,0,2023-05-08 21:26:19.199435,0
0,0,0,0,0,2023-05-08 21:26:20.199849,0
0,0,0,0,0,2023-05-08 21:26:21.200065,0
0,0,0,0,0,2023-05-08 21:26:23.200992,0
0,0,0,0,0,2023-05-08 21:26:24.201547,0
0,0,0,0,0,2023-05-08 21:26:25.202194,0
0,0,0,0,0,2023-05-08 21:26:26.202620,0
0,0,0,0,0,2023-05-08 21:26:27.202760,0
0,0,0,0,0,2023-05-08 21:26:28.202785,0
0,0,0,0,0,2023-05-08 21:26:29.203100,0
0,0,0,0,0,2023-05-08 21:26:30.204015,0
0,0,0,0,0,2023-05-08 21:26:32.724725,0
0,0,0,0,0,2023-05-08 21:26:33.725169,0
0,0,0,0,0,2023-05-08 21:26:34.725811,0
0,0,0,0,0,2023-05-08 21:26:35.726219,0
0,0,0,0,0,2023-05-08 21:26:36.726946,0
0,0,0,0,0,2023-05-08 21:26:37.727658,0
0,0,0,0,0,2023-05-08 21:26:38.727889,0
0,0,0,0,0,2023-05-08 21:26:39.728667,0
0,0,0,0,0,2023-05-08 21:26:40.729598,0
0,0,0,0,0,2023-05-08 21:26:42.731129,0
0,0,0,0,0,2023-05-08 21:26:43.731974,0
0,0,0,0,0,2023-05-08 21:26:44.732108,0
0,0,0,0,0,2023-05-08 21:26:45.732455,0
0,0,0,0,0,2023-05-08 21:26:46.733235,0
0,0,0,0,0,2023-05-08 21:26:47.734207,0
0,0,0,0,0,2023-05-08 21:26:48.734296,0
0,0,0,0,0,2023-05-08 21:26:49.734381,0
0,0,0,0,0,2023-05-08 21:26:50.734861,0
0,0,0,0,0,2023-05-08 21:26:51.735102,0
0,0,0,0,0,2023-05-08 21:26:54.737233,0
0,0,0,0,0,2023-05-08 21:26:55.738008,0
0,0,0,0,0,2023-05-08 21:26:56.738233,0
0,0,0,0,0,2023-05-08 21:26:57.738772,0
0,0,0,0,0,2023-05-08 21:26:58.738990,0
0,0,0,0,0,2023-05-08 21:26:59.739405,0
0,0,0,0,0,2023-05-08 21:27:00.739896,0
0,0,0,0,0,2023-05-08 21:27:01.740178,0
0,0,0,0,0,2023-05-08 21:27:02.740546,0
0,0,0,0,0,2023-05-08 21:27:03.741413,0
0,0,0,0,0,2023-05-08 21:27:04.741584,0
0,0,0,0,0,2023-05-08 21:27:06.742491,0
0,0,0,0,0,2023-05-08 21:27:08.742864,0
0,0,0,0,0,2023-05-08 21:27:09.743307,0
0,0,0,0,0,2023-05-08 21:27:10.744001,0
0,0,0,0,0,2023-05-08 21:27:11.744759,0
0,0,0,0,0,2023-05-08 21:27:12.744978,0
0,0,0,0,0,2023-05-08 21:27:13.745299,0
0,0,0,0,0,2023-05-08 21:27:14.746121,0
0,0,0,0,0,2023-05-08 21:27:15.746516,0
0,0,0,0,0,2023-05-08 21:27:18.747206,0
0,0,0,0,0,2023-05-08 21:27:19.747800,0
0,0,0,0,0,2023-05-08 21:27:20.748033,0
0,0,0,0,0,2023-05-08 21:27:21.748856,0
0,0,0,0,0,2023-05-08 21:27:22.748856,0
0,0,0,0,0,2023-05-08 21:27:23.749234,0
0,0,0,0,0,2023-05-08 21:27:25.749924,0
0,0,0,0,0,2023-05-08 21:27:26.750317,0
0,0,0,0,0,2023-05-08 21:27:28.752104,0
0,0,0,0,0,2023-05-08 21:27:29.753033,0
0,0,0,0,0,2023-05-08 21:27:32.754589,0
0,0,0,0,0,2023-05-08 21:27:33.754677,0
0,0,0,0,0,2023-05-08 21:27:34.755276,0
0,0,0,0,0,2023-05-08 21:27:35.755290,0
0,0,0,0,0,2023-05-08 21:27:37.756146,0
0,0,0,0,0,2023-05-08 21:27:38.757109,0
0,0,0,0,0,2023-05-08 21:27:39.757675,0
0,0,0,0,0,2023-05-08 21:27:40.758353,0
0,0,0,0,0,2023-05-08 21:27:41.758667,0
0,0,0,0,0,2023-05-08 21:27:42.758743,0
0,0,0,0,0,2023-05-08 21:27:43.759039,0
0,0,0,0,0,2023-05-08 21:27:45.759727,0
0,0,0,0,0,2023-05-08 21:27:46.760621,0
0,0,0,0,0,2023-05-08 21:27:48.761958,0
0,0,0,0,0,2023-05-08 21:27:49.762782,0
0,0,0,0,0,2023-05-08 21:27:50.763771,0
0,0,0,0,0,2023-05-08 21:27:51.763820,0
0,0,0,0,0,2023-05-08 21:27:53.765335,0
0,0,0,0,0,2023-05-08 21:27:54.765698,0
0,0,0,0,0,2023-05-08 21:27:55.766236,0
0,0,0,0,0,2023-05-08 21:27:56.767195,0
0,0,0,0,0,2023-05-08 21:27:58.768408,0
0,0,0,0,0,2023-05-08 21:27:59.769348,0
0,0,0,0,0,2023-05-08 21:28:00.769465,0
0,0,0,0,0,2023-05-08 21:28:01.770283,0
0,0,0,0,0,2023-05-08 21:28:02.771135,0
0,0,0,0,0,2023-05-08 21:28:03.771694,0
0,0,0,0,0,2023-05-08 21:28:04.772417,0
0,0,0,0,0,2023-05-08 21:28:05.772824,0
0,0,0,0,0,2023-05-08 21:28:06.773816,0
0,0,0,0,0,2023-05-08 21:28:07.774808,0
0,0,0,0,0,2023-05-08 21:28:08.775337,0
0,0,0,0,0,2023-05-08 21:28:09.776174,0
0,0,0,0,0,2023-05-08 21:28:10.776300,0
0,0,0,0,0,2023-05-08 21:28:11.777182,0
0,0,0,0,0,2023-05-08 21:28:14.779083,0
0,0,0,0,0,2023-05-08 21:28:15.779501,0
0,0,0,0,0,2023-05-08 21:28:16.779602,0
0,0,0,0,0,2023-05-08 21:28:19.781483,0
0,0,0,0,0,2023-05-08 21:28:21.782110,0
0,0,0,0,0,2023-05-08 21:28:22.782997,0
0,0,0,0,0,2023-05-08 21:28:23.783876,0
0,0,0,0,0,2023-05-08 21:28:24.784826,0
0,0,0,0,0,2023-05-08 21:28:25.785116,0
0,0,0,0,0,2023-05-08 21:28:26.786067,0
0,0,0,0,0,2023-05-08 21:28:27.786939,0
0,0,0,0,0,2023-05-08 21:28:28.787367,0
0,0,0,0,0,2023-05-08 21:28:30.788781,0
0,0,0,0,0,2023-05-08 21:28:31.788893,0
0,0,0,0,0,2023-05-08 21:28:32.788952,0
0,0,0,0,0,2023-05-08 21:28:33.789474,0
0,0,0,0,0,2023-05-08 21:28:34.789490,0
0,0,0,0,0,2023-05-08 21:28:36.790408,0
0,0,0,0,0,2023-05-08 21:28:37.790928,0
0,0,0,0,0,2023-05-08 21:28:38.791628,0
0,0,0,0,0,2023-05-08 21:28:39.792537,0
0,0,0,0,0,2023-05-08 21:28:43.794583,0
0,0,0,0,0,2023-05-08 21:28:44.795558,0
0,0,0,0,0,2023-05-08 21:28:45.795856,0
0,0,0,0,0,2023-05-08 21:28:47.796969,0
0,0,0,0,0,2023-05-08 21:28:48.797910,0
0,0,0,0,0,2023-05-08 21:28:49.797922,0
0,0,0,0,0,2023-05-08 21:28:50.798361,0
0,0,0,0,0,2023-05-08 21:28:51.799220,0
0,0,0,0,0,2023-05-08 21:28:53.799662,0
0,0,0,0,0,2023-05-08 21:28:54.800334,0
0,0,0,0,0,2023-05-08 21:28:55.801300,0
0,0,0,0,0,2023-05-08 21:28:56.801934,0
0,0,0,0,0,2023-05-08 21:28:57.802788,0
0,0,0,0,0,2023-05-08 21:29:00.804747,0
0,0,0,0,0,2023-05-08 21:29:01.805505,0
0,0,0,0,0,2023-05-08 21:29:03.805928,0
0,0,0,0,0,2023-05-08 21:29:04.806321,0
0,0,0,0,0,2023-05-08 21:29:05.806974,0
0,0,0,0,0,2023-05-08 21:29:06.807933,0
0,0,0,0,0,2023-05-08 21:29:08.809151,0
0,0,0,0,0,2023-05-08 21:29:09.809938,0
0,0,0,0,0,2023-05-08 21:29:10.810171,0
0,0,0,0,0,2023-05-08 21:29:12.811140,0
0,0,0,0,0,2023-05-08 21:29:13.811991,0
0,0,0,0,0,2023-05-08 21:29:16.814018,0
0,0,0,0,0,2023-05-08 21:29:17.814518,0
0,0,0,0,0,2023-05-08 21:29:19.816041,0
0,0,0,0,0,2023-05-08 21:29:20.816197,0
0,0,0,0,0,2023-05-08 21:29:21.816600,0
0,0,0,0,0,2023-05-08 21:29:22.816851,0
0,0,0,0,0,2023-05-08 21:29:28.820700,0
0,0,0,0,0,2023-05-08 21:29:29.821519,0
0,0,0,0,0,2023-05-08 21:29:31.821975,0
0,0,0,0,0,2023-05-08 21:29:36.824355,0
0,0,0,0,0,2023-05-08 21:29:38.825855,0
0,0,0,0,0,2023-05-08 21:29:39.826628,0
0,0,0,0,0,2023-05-08 21:29:40.826844,0
0,0,0,0,0,2023-05-08 21:29:41.827591,0
0,0,0,0,0,2023-05-08 21:29:42.828437,0
0,0,0,0,0,2023-05-08 21:29:43.828637,0
0,0,0,0,0,2023-05-08 21:29:44.829389,0
0,0,0,0,0,2023-05-08 21:29:45.829679,0
0,0,0,0,0,2023-05-08 21:29:46.829866,0
0,0,0,0,0,2023-05-08 21:29:47.830336,0
0,0,0,0,0,2023-05-08 21:29:48.830983,0
0,0,0,0,0,2023-05-08 21:29:49.831753,0
0,0,0,0,0,2023-05-08 21:29:50.832162,0
0,0,0,0,0,2023-05-08 21:29:52.832271,0
0,0,0,0,0,2023-05-08 21:29:53.832519,0
0,0,0,0,0,2023-05-08 21:29:54.832606,0
0,0,0,0,0,2023-05-08 21:29:55.832836,0
0,0,0,0,0,2023-05-08 21:29:56.833567,0
0,0,0,0,0,2023-05-08 21:29:57.834514,0
0,0,0,0,0,2023-05-08 21:29:58.834912,0
0,0,0,0,0,2023-05-08 21:29:59.835787,0
0,0,0,0,0,2023-05-08 21:30:00.836119,0
0,0,0,0,0,2023-05-08 21:30:01.836784,0
0,0,0,0,0,2023-05-08 21:30:02.836979,0
0,0,0,0,0,2023-05-08 21:30:03.837003,0
0,0,0,0,0,2023-05-08 21:30:04.837633,0
0,0,0,0,0,2023-05-08 21:30:05.838061,0
0,0,0,0,0,2023-05-08 21:30:07.838869,0
0,0,0,0,0,2023-05-08 21:30:08.839854,0
0,0,0,0,0,2023-05-08 21:30:09.840602,0
0,0,0,0,0,2023-05-08 21:30:10.841232,0
0,0,0,0,0,2023-05-08 21:30:11.841367,0
0,0,0,0,0,2023-05-08 21:30:12.842347,0
0,0,0,0,0,2023-05-08 21:30:13.842709,0
0,0,0,0,0,2023-05-08 21:30:14.843147,0
0,0,0,0,0,2023-05-08 21:30:15.843854,0
0,0,0,0,0,2023-05-08 21:30:16.844313,0
0,0,0,0,0,2023-05-08 21:30:18.844746,0
0,0,0,0,0,2023-05-08 21:30:19.845458,0
0,0,0,0,0,2023-05-08 21:30:20.845681,0
0,0,0,0,0,2023-05-08 21:30:21.846664,0
0,0,0,0,0,2023-05-08 21:30:22.847354,0
0,0,0,0,0,2023-05-08 21:30:23.848164,0
0,0,0,0,0,2023-05-08 21:30:24.848780,0
0,0,0,0,0,2023-05-08 21:30:25.849057,0
0,0,0,0,0,2023-05-08 21:30:26.849446,0
0,0,0,0,0,2023-05-08 21:30:27.849785,0
0,0,0,0,0,2023-05-08 21:30:28.850556,0
0,0,0,0,0,2023-05-08 21:30:29.851110,0
0,0,0,0,0,2023-05-08 21:30:30.851591,0
0,0,0,0,0,2023-05-08 21:30:31.851591,0
0,0,0,0,0,2023-05-08 21:30:32.852099,0
0,0,0,0,0,2023-05-08 21:30:33.852593,0
0,0,0,0,0,2023-05-08 21:30:34.852885,0
0,0,0,0,0,2023-05-08 21:30:36.853538,0
0,0,0,0,0,2023-05-08 21:30:37.853804,0
0,0,0,0,0,2023-05-08 21:30:38.853882,0
0,0,0,0,0,2023-05-08 21:30:39.854064,0
0,0,0,0,0,2023-05-08 21:30:40.854985,0
0,0,0,0,0,2023-05-08 21:30:41.855858,0
0,0,0,0,0,2023-05-08 21:30:42.856515,0
0,0,0,0,0,2023-05-08 21:30:44.857328,0
0,0,0,0,0,2023-05-08 21:30:45.858342,0
0,0,0,0,0,2023-05-08 21:30:46.858920,0
0,0,0,0,0,2023-05-08 21:30:47.859415,0
0,0,0,0,0,2023-05-08 21:30:48.860250,0
0,0,0,0,0,2023-05-08 21:30:50.861524,0
0,0,0,0,0,2023-05-08 21:30:51.861719,0
0,0,0,0,0,2023-05-08 21:30:52.862691,0
0,0,0,0,0,2023-05-08 21:30:53.862897,0
0,0,0,0,0,2023-05-08 21:30:54.863766,0
0,0,0,0,0,2023-05-08 21:30:56.569644,0
0,0,0,0,0,2023-05-08 21:30:57.570221,0
0,0,0,0,0,2023-05-08 21:30:58.570401,0
0,0,0,0,0,2023-05-08 21:30:59.570826,0
0,0,0,0,0,2023-05-08 21:31:00.571186,0
0,0,0,0,0,2023-05-08 21:31:01.571344,0
0,0,0,0,0,2023-05-08 21:31:02.571813,0
0,0,0,0,0,2023-05-08 21:31:03.572536,0
0,0,0,0,0,2023-05-08 21:31:04.572842,0
0,0,0,0,0,2023-05-08 21:31:05.573181,0
0,0,0,0,0,2023-05-08 21:31:06.573214,0
0,0,0,0,0,2023-05-08 21:31:07.574068,0
0,0,0,0,0,2023-05-08 21:31:08.574262,0
0,0,0,0,0,2023-05-08 21:31:09.575170,0
0,0,0,0,0,2023-05-08 21:31:11.575837,0
0,0,0,0,0,2023-05-08 21:31:12.576685,0
0,0,0,0,0,2023-05-08 21:31:13.576839,0
0,0,0,0,0,2023-05-08 21:31:14.577525,0
0,0,0,0,0,2023-05-08 21:31:15.577956,0
0,0,0,0,0,2023-05-08 21:31:16.578831,0
0,0,0,0,0,2023-05-08 21:31:17.579804,0
0,0,0,0,0,2023-05-08 21:31:18.580392,0
0,0,0,0,0,2023-05-08 21:31:19.580665,0
0,0,0,0,0,2023-05-08 21:31:20.581263,0
0,0,0,0,0,2023-05-08 21:31:21.581402,0
0,0,0,0,0,2023-05-08 21:31:25.584203,0
0,0,0,0,0,2023-05-08 21:31:26.584392,0
0,0,0,0,0,2023-05-08 21:31:27.584943,0
0,0,0,0,0,2023-05-08 21:31:28.585461,0
0,0,0,0,0,2023-05-08 21:31:29.586311,0
0,0,0,0,0,2023-05-08 21:31:30.586622,0
0,0,0,0,0,2023-05-08 21:31:32.588020,0
0,0,0,0,0,2023-05-08 21:31:35.589510,0
0,0,0,0,0,2023-05-08 21:31:36.590422,0
0,0,0,0,0,2023-05-08 21:31:38.592140,0
0,0,0,0,0,2023-05-08 21:31:39.592471,0
0,0,0,0,0,2023-05-08 21:31:40.593356,0
0,0,0,0,0,2023-05-08 21:31:41.593914,0
0,0,0,0,0,2023-05-08 21:31:42.594038,0
0,0,0,0,0,2023-05-08 21:31:43.594427,0
0,0,0,0,0,2023-05-08 21:31:44.594707,0
0,0,0,0,0,2023-05-08 21:31:47.596062,0
0,0,0,0,0,2023-05-08 21:31:48.596525,0
0,0,0,0,0,2023-05-08 21:31:49.596562,0
0,0,0,0,0,2023-05-08 21:31:50.596887,0
0,0,0,0,0,2023-05-08 21:31:51.597734,0
0,0,0,0,0,2023-05-08 21:31:52.598720,0
0,0,0,0,0,2023-05-08 21:31:53.599450,0
0,0,0,0,0,2023-05-08 21:31:54.600223,0
0,0,0,0,0,2023-05-08 21:31:55.600931,0
0,0,0,0,0,2023-05-08 21:31:57.602187,0
0,0,0,0,0,2023-05-08 21:31:58.602622,0
0,0,0,0,0,2023-05-08 21:31:59.603315,0
0,0,0,0,0,2023-05-08 21:32:00.603821,0
0,0,0,0,0,2023-05-08 21:32:01.603985,0
0,0,0,0,0,2023-05-08 21:32:02.817341,0
0,0,0,0,0,2023-05-08 21:32:04.818384,0
0,0,0,0,0,2023-05-08 21:32:05.818698,0
0,0,0,0,0,2023-05-08 21:32:10.821021,0
0,0,0,0,0,2023-05-08 21:32:12.821390,0
0,0,0,0,0,2023-05-08 21:32:14.822800,0
0,0,0,0,0,2023-05-08 21:32:15.823376,0
0,0,0,0,0,2023-05-08 21:32:16.824350,0
0,0,0,0,0,2023-05-08 21:32:17.824984,0
0,0,0,0,0,2023-05-08 21:32:18.825869,0
0,0,0,0,0,2023-05-08 21:32:19.825941,0
0,0,0,0,0,2023-05-08 21:32:23.828032,0
0,0,0,0,0,2023-05-08 21:32:25.828953,0
0,0,0,0,0,2023-05-08 21:32:27.830635,0
0,0,0,0,0,2023-05-08 21:32:28.830890,0
0,0,0,0,0,2023-05-08 21:32:29.831624,0
0,0,0,0,0,2023-05-08 21:32:34.833918,0
0,0,0,0,0,2023-05-08 21:32:36.834647,0
0,0,0,0,0,2023-05-08 21:32:37.835227,0
0,0,0,0,0,2023-05-08 21:32:38.835436,0
0,0,0,0,0,2023-05-08 21:32:39.836182,0
0,0,0,0,0,2023-05-08 21:32:41.837930,0
0,0,0,0,0,2023-05-08 21:32:42.838363,0
0,0,0,0,0,2023-05-08 21:32:43.838840,0
0,0,0,0,0,2023-05-08 21:32:44.839261,0
0,0,0,0,0,2023-05-08 21:32:45.840010,0
0,0,0,0,0,2023-05-08 21:32:46.840982,0
0,0,0,0,0,2023-05-08 21:32:47.841777,0
0,0,0,0,0,2023-05-08 21:32:48.842364,0
0,0,0,0,0,2023-05-08 21:32:49.843280,0
0,0,0,0,0,2023-05-08 21:32:51.844053,0
0,0,0,0,0,2023-05-08 21:32:52.844594,0
0,0,0,0,0,2023-05-08 21:32:53.845458,0
0,0,0,0,0,2023-05-08 21:32:54.846320,0
0,0,0,0,0,2023-05-08 21:32:55.847078,0
0,0,0,0,0,2023-05-08 21:32:56.847881,0
0,0,0,0,0,2023-05-08 21:32:57.848440,0
0,0,0,0,0,2023-05-08 21:32:58.849017,0
0,0,0,0,0,2023-05-08 21:32:59.849127,0
0,0,0,0,0,2023-05-08 21:33:00.849813,0
0,0,0,0,0,2023-05-08 21:33:01.850189,0
0,0,0,0,0,2023-05-08 21:33:02.850632,0
0,0,0,0,0,2023-05-08 21:33:05.852561,0
0,0,0,0,0,2023-05-08 21:33:06.852808,0
0,0,0,0,0,2023-05-08 21:33:08.117484,0
0,0,0,0,0,2023-05-08 21:33:09.118473,0
0,0,0,0,0,2023-05-08 21:33:10.118525,0
0,0,0,0,0,2023-05-08 21:33:11.119098,0
0,0,0,0,0,2023-05-08 21:33:12.119798,0
0,0,0,0,0,2023-05-08 21:33:13.120425,0
0,0,0,0,0,2023-05-08 21:33:14.121417,0
0,0,0,0,0,2023-05-08 21:33:15.122269,0
0,0,0,0,0,2023-05-08 21:33:16.123160,0
0,0,0,0,0,2023-05-08 21:33:17.123666,0
0,0,0,0,0,2023-05-08 21:33:18.124527,0
0,0,0,0,0,2023-05-08 21:33:19.124782,0
0,0,0,0,0,2023-05-08 21:33:21.126574,0
0,0,0,0,0,2023-05-08 21:33:22.127000,0
0,0,0,0,0,2023-05-08 21:33:23.350335,0
0,0,0,0,0,2023-05-08 21:33:24.350924,0
0,0,0,0,0,2023-05-08 21:33:26.351836,0
0,0,0,0,0,2023-05-08 21:33:27.352363,0
0,0,0,0,0,2023-05-08 21:33:28.352733,0
0,0,0,0,0,2023-05-08 21:33:29.353431,0
0,0,0,0,0,2023-05-08 21:33:30.354225,0
0,0,0,0,0,2023-05-08 21:33:32.354926,0
0,0,0,0,0,2023-05-08 21:33:33.355252,0
0,0,0,0,0,2023-05-08 21:33:34.355506,0
0,0,0,0,0,2023-05-08 21:33:36.356923,0
0,0,0,0,0,2023-05-08 21:33:37.357393,0
0,0,0,0,0,2023-05-08 21:33:42.359419,0
0,0,0,0,0,2023-05-08 21:33:43.360397,0
0,0,0,0,0,2023-05-08 21:33:45.362009,0
0,0,0,0,0,2023-05-08 21:33:46.362169,0
0,0,0,0,0,2023-05-08 21:33:47.362702,0
0,0,0,0,0,2023-05-08 21:33:48.363200,0
0,0,0,0,0,2023-05-08 21:33:49.363567,0
0,0,0,0,0,2023-05-08 21:33:50.363920,0
0,0,0,0,0,2023-05-08 21:33:51.364567,0
0,0,0,0,0,2023-05-08 21:33:52.365216,0
0,0,0,0,0,2023-05-08 21:33:53.365648,0
0,0,0,0,0,2023-05-08 21:33:54.365763,0
0,0,0,0,0,2023-05-08 21:33:56.365915,0
0,0,0,0,0,2023-05-08 21:33:57.366557,0
0,0,0,0,0,2023-05-08 21:33:58.367351,0
0,0,0,0,0,2023-05-08 21:33:59.367473,0
0,0,0,0,0,2023-05-08 21:34:00.367948,0
0,0,0,0,0,2023-05-08 21:34:01.368317,0
0,0,0,0,0,2023-05-08 21:34:02.368561,0
0,0,0,0,0,2023-05-08 21:34:04.370150,0
0,0,0,0,0,2023-05-08 21:34:05.371125,0
0,0,0,0,0,2023-05-08 21:34:06.371469,0
0,0,0,0,0,2023-05-08 21:34:08.373074,0
0,0,0,0,0,2023-05-08 21:34:09.373169,0
0,0,0,0,0,2023-05-08 21:34:10.374113,0
0,0,0,0,0,2023-05-08 21:34:11.374743,0
0,0,0,0,0,2023-05-08 21:34:12.375146,0
0,0,0,0,0,2023-05-08 21:34:14.416536,0
0,0,0,0,0,2023-05-08 21:34:15.416971,0
0,0,0,0,0,2023-05-08 21:34:16.417777,0
0,0,0,0,0,2023-05-08 21:34:17.418268,0
0,0,0,0,0,2023-05-08 21:34:18.419029,0
0,0,0,0,0,2023-05-08 21:34:19.420106,0
0,0,0,0,0,2023-05-08 21:34:20.420750,0
0,0,0,0,0,2023-05-08 21:34:21.421641,0
0,0,0,0,0,2023-05-08 21:34:22.421883,0
0,0,0,0,0,2023-05-08 21:34:23.422426,0
0,0,0,0,0,2023-05-08 21:34:27.425474,0
0,0,0,0,0,2023-05-08 21:34:28.426439,0
0,0,0,0,0,2023-05-08 21:34:29.426992,0
0,0,0,0,0,2023-05-08 21:34:30.427919,0
0,0,0,0,0,2023-05-08 21:34:31.428307,0
0,0,0,0,0,2023-05-08 21:34:32.429230,0
0,0,0,0,0,2023-05-08 21:34:33.429550,0
0,0,0,0,0,2023-05-08 21:34:35.431034,0
0,0,0,0,0,2023-05-08 21:34:37.431831,0
0,0,0,0,0,2023-05-08 21:34:38.432781,0
0,0,0,0,0,2023-05-08 21:34:39.433712,0
0,0,0,0,0,2023-05-08 21:34:40.434580,0
0,0,0,0,0,2023-05-08 21:34:41.435442,0
0,0,0,0,0,2023-05-08 21:34:42.435543,0
0,0,0,0,0,2023-05-08 21:34:43.435858,0
0,0,0,0,0,2023-05-08 21:34:44.436234,0
0,0,0,0,0,2023-05-08 21:34:45.436973,0
0,0,0,0,0,2023-05-08 21:34:46.437708,0
0,0,0,0,0,2023-05-08 21:34:47.438105,0
0,0,0,0,0,2023-05-08 21:34:48.438774,0
0,0,0,0,0,2023-05-08 21:34:49.439384,0
0,0,0,0,0,2023-05-08 21:34:50.440119,0
0,0,0,0,0,2023-05-08 21:34:51.440674,0
0,0,0,0,0,2023-05-08 21:34:52.441145,0
0,0,0,0,0,2023-05-08 21:34:53.441972,0
0,0,0,0,0,2023-05-08 21:34:56.443247,0
0,0,0,0,0,2023-05-08 21:34:57.444092,0
0,0,0,0,0,2023-05-08 21:34:58.444489,0
0,0,0,0,0,2023-05-08 21:34:59.445215,0
0,0,0,0,0,2023-05-08 21:35:00.445667,0
0,0,0,0,0,2023-05-08 21:35:01.446594,0
0,0,0,0,0,2023-05-08 21:35:02.446640,0
0,0,0,0,0,2023-05-08 21:35:03.446721,0
0,0,0,0,0,2023-05-08 21:35:04.447671,0
0,0,0,0,0,2023-05-08 21:35:05.448523,0
0,0,0,0,0,2023-05-08 21:35:06.449060,0
0,0,0,0,0,2023-05-08 21:35:07.449592,0
0,0,0,0,0,2023-05-08 21:35:08.449895,0
0,0,0,0,0,2023-05-08 21:35:09.450770,0
0,0,0,0,0,2023-05-08 21:35:10.450839,0
0,0,0,0,0,2023-05-08 21:35:11.451141,0
0,0,0,0,0,2023-05-08 21:35:12.451339,0
0,0,0,0,0,2023-05-08 21:35:14.452661,0
0,0,0,0,0,2023-05-08 21:35:16.453663,0
0,0,0,0,0,2023-05-08 21:35:17.454123,0
0,0,0,0,0,2023-05-08 21:35:19.455581,0
0,0,0,0,0,2023-05-08 21:35:20.456580,0
0,0,0,0,0,2023-05-08 21:35:21.456810,0
0,0,0,0,0,2023-05-08 21:35:22.457243,0
0,0,0,0,0,2023-05-08 21:35:23.457910,0
0,0,0,0,0,2023-05-08 21:35:24.458716,0
0,0,0,0,0,2023-05-08 21:35:25.459452,0
0,0,0,0,0,2023-05-08 21:35:26.459922,0
0,0,0,0,0,2023-05-08 21:35:28.460679,0
0,0,0,0,0,2023-05-08 21:35:29.461349,0
0,0,0,0,0,2023-05-08 21:35:30.461896,0
0,0,0,0,0,2023-05-08 21:35:31.462547,0
0,0,0,0,0,2023-05-08 21:35:32.463280,0
0,0,0,0,0,2023-05-08 21:35:33.463531,0
0,0,0,0,0,2023-05-08 21:35:34.464311,0
0,0,0,0,0,2023-05-08 21:35:35.464869,0
0,0,0,0,0,2023-05-08 21:35:36.464999,0
0,0,0,0,0,2023-05-08 21:35:37.465678,0
0,0,0,0,0,2023-05-08 21:35:38.465826,0
0,0,0,0,0,2023-05-08 21:35:42.468085,0
0,0,0,0,0,2023-05-08 21:35:43.469043,0
0,0,0,0,0,2023-05-08 21:35:45.470365,0
0,0,0,0,0,2023-05-08 21:35:46.471180,0
0,0,0,0,0,2023-05-08 21:35:47.471740,0
0,0,0,0,0,2023-05-08 21:35:49.472524,0
0,0,0,0,0,2023-05-08 21:35:50.472900,0
0,0,0,0,0,2023-05-08 21:35:51.473774,0
0,0,0,0,0,2023-05-08 21:35:52.473928,0
0,0,0,0,0,2023-05-08 21:35:53.474457,0
0,0,0,0,0,2023-05-08 21:35:54.474578,0
0,0,0,0,0,2023-05-08 21:35:55.475146,0
0,0,0,0,0,2023-05-08 21:35:56.475491,0
0,0,0,0,0,2023-05-08 21:35:57.475565,0
0,0,0,0,0,2023-05-08 21:35:58.475979,0
0,0,0,0,0,2023-05-08 21:35:59.476926,0
0,0,0,0,0,2023-05-08 21:36:00.477755,0
0,0,0,0,0,2023-05-08 21:36:01.477944,0
0,0,0,0,0,2023-05-08 21:36:02.478907,0
0,0,0,0,0,2023-05-08 21:36:03.479701,0
0,0,0,0,0,2023-05-08 21:36:04.479795,0
0,0,0,0,0,2023-05-08 21:36:05.479835,0
0,0,0,0,0,2023-05-08 21:36:09.482695,0
0,0,0,0,0,2023-05-08 21:36:10.483600,0
0,0,0,0,0,2023-05-08 21:36:11.484467,0
0,0,0,0,0,2023-05-08 21:36:12.484812,0
0,0,0,0,0,2023-05-08 21:36:13.484930,0
0,0,0,0,0,2023-05-08 21:36:14.485710,0
0,0,0,0,0,2023-05-08 21:36:15.486422,0
0,0,0,0,0,2023-05-08 21:36:16.486436,0
0,0,0,0,0,2023-05-08 21:36:17.487308,0
0,0,0,0,0,2023-05-08 21:36:18.487922,0
0,0,0,0,0,2023-05-08 21:36:20.488599,0
0,0,0,0,0,2023-05-08 21:36:21.488731,0
0,0,0,0,0,2023-05-08 21:36:22.489553,0
0,0,0,0,0,2023-05-08 21:36:25.017984,0
0,0,0,0,0,2023-05-08 21:36:26.693796,0
0,0,0,0,0,2023-05-08 21:36:27.694056,0
0,0,0,0,0,2023-05-08 21:36:28.694194,0
0,0,0,0,0,2023-05-08 21:36:29.694595,0
0,0,0,0,0,2023-05-08 21:36:30.694765,0
0,0,0,0,0,2023-05-08 21:36:31.694989,0
0,0,0,0,0,2023-05-08 21:36:32.695270,0
0,0,0,0,0,2023-05-08 21:36:33.695753,0
0,0,0,0,0,2023-05-08 21:36:34.695781,0
0,0,0,0,0,2023-05-08 21:36:35.695986,0
0,0,0,0,0,2023-05-08 21:36:36.697124,0
0,0,0,0,0,2023-05-08 21:36:37.697687,0
0,0,0,0,0,2023-05-08 21:36:38.698240,0
0,0,0,0,0,2023-05-08 21:36:39.698618,0
0,0,0,0,0,2023-05-08 21:36:40.699242,0
0,0,0,0,0,2023-05-08 21:36:41.699888,0
0,0,0,0,0,2023-05-08 21:36:42.700774,0
0,0,0,0,0,2023-05-08 21:36:43.701194,0
0,0,0,0,0,2023-05-08 21:36:44.701215,0
0,0,0,0,0,2023-05-08 21:36:45.701370,0
0,0,0,0,0,2023-05-08 21:36:46.701784,0
0,0,0,0,0,2023-05-08 21:36:47.702136,0
0,0,0,0,0,2023-05-08 21:36:52.704853,0
0,0,0,0,0,2023-05-08 21:36:53.705352,0
0,0,0,0,0,2023-05-08 21:36:54.705890,0
0,0,0,0,0,2023-05-08 21:36:55.706005,0
0,0,0,0,0,2023-05-08 21:36:57.706490,0
0,0,0,0,0,2023-05-08 21:36:58.706987,0
0,0,0,0,0,2023-05-08 21:37:00.708780,0
0,0,0,0,0,2023-05-08 21:37:01.709031,0
0,0,0,0,0,2023-05-08 21:37:02.709245,0
0,0,0,0,0,2023-05-08 21:37:03.709454,0
0,0,0,0,0,2023-05-08 21:37:04.709482,0
0,0,0,0,0,2023-05-08 21:37:05.710337,0
0,0,0,0,0,2023-05-08 21:37:06.710783,0
0,0,0,0,0,2023-05-08 21:37:07.711108,0
0,0,0,0,0,2023-05-08 21:37:08.711363,0
0,0,0,0,0,2023-05-08 21:37:09.712125,0
0,0,0,0,0,2023-05-08 21:37:10.712788,0
0,0,0,0,0,2023-05-08 21:37:11.713269,0
0,0,0,0,0,2023-05-08 21:37:12.713936,0
0,0,0,0,0,2023-05-08 21:37:13.714189,0
0,0,0,0,0,2023-05-08 21:37:14.714618,0
0,0,0,0,0,2023-05-08 21:37:15.714717,0
0,0,0,0,0,2023-05-08 21:37:16.715264,0
0,0,0,0,0,2023-05-08 21:37:17.715741,0
0,0,0,0,0,2023-05-08 21:37:18.716585,0
0,0,0,0,0,2023-05-08 21:37:19.717467,0
0,0,0,0,0,2023-05-08 21:37:21.718447,0
0,0,0,0,0,2023-05-08 21:37:24.718937,0
0,0,0,0,0,2023-05-08 21:37:25.719746,0
0,0,0,0,0,2023-05-08 21:37:26.720575,0
0,0,0,0,0,2023-05-08 21:37:27.721142,0
0,0,0,0,0,2023-05-08 21:37:28.721186,0
0,0,0,0,0,2023-05-08 21:37:29.721709,0
0,0,0,0,0,2023-05-08 21:37:31.722296,0
0,0,0,0,0,2023-05-08 21:37:32.722892,0
0,0,0,0,0,2023-05-08 21:37:33.722893,0
0,0,0,0,0,2023-05-08 21:37:34.723456,0
0,0,0,0,0,2023-05-08 21:37:35.723537,0
0,0,0,0,0,2023-05-08 21:37:36.723683,0
0,0,0,0,0,2023-05-08 21:37:37.724377,0
0,0,0,0,0,2023-05-08 21:37:38.725250,0
0,0,0,0,0,2023-05-08 21:37:40.726662,0
0,0,0,0,0,2023-05-08 21:37:41.727604,0
0,0,0,0,0,2023-05-08 21:37:42.728491,0
0,0,0,0,0,2023-05-08 21:37:43.728733,0
0,0,0,0,0,2023-05-08 21:37:44.729269,0
0,0,0,0,0,2023-05-08 21:37:45.729730,0
0,0,0,0,0,2023-05-08 21:37:46.730551,0
0,0,0,0,0,2023-05-08 21:37:47.731469,0
0,0,0,0,0,2023-05-08 21:37:48.732146,0
0,0,0,0,0,2023-05-08 21:37:49.732791,0
0,0,0,0,0,2023-05-08 21:37:50.733306,0
0,0,0,0,0,2023-05-08 21:37:51.734068,0
0,0,0,0,0,2023-05-08 21:37:52.734343,0
0,0,0,0,0,2023-05-08 21:37:53.734785,0
0,0,0,0,0,2023-05-08 21:37:55.736189,0
0,0,0,0,0,2023-05-08 21:37:56.736984,0
0,0,0,0,0,2023-05-08 21:37:57.737071,0
0,0,0,0,0,2023-05-08 21:37:58.737156,0
0,0,0,0,0,2023-05-08 21:37:59.737226,0
0,0,0,0,0,2023-05-08 21:38:00.737902,0
0,0,0,0,0,2023-05-08 21:38:01.738665,0
0,0,0,0,0,2023-05-08 21:38:03.739142,0
0,0,0,0,0,2023-05-08 21:38:05.740552,0
0,0,0,0,0,2023-05-08 21:38:06.741217,0
0,0,0,0,0,2023-05-08 21:38:07.741351,0
0,0,0,0,0,2023-05-08 21:38:08.741708,0
0,0,0,0,0,2023-05-08 21:38:09.742127,0
0,0,0,0,0,2023-05-08 21:38:10.742698,0
0,0,0,0,0,2023-05-08 21:38:11.743076,0
0,0,0,0,0,2023-05-08 21:38:12.743933,0
0,0,0,0,0,2023-05-08 21:38:13.744527,0
0,0,0,0,0,2023-05-08 21:38:14.745038,0
0,0,0,0,0,2023-05-08 21:38:15.745282,0
0,0,0,0,0,2023-05-08 21:38:16.745748,0
0,0,0,0,0,2023-05-08 21:38:17.746614,0
0,0,0,0,0,2023-05-08 21:38:18.747269,0
0,0,0,0,0,2023-05-08 21:38:20.748584,0
0,0,0,0,0,2023-05-08 21:38:21.748825,0
0,0,0,0,0,2023-05-08 21:38:22.749015,0
0,0,0,0,0,2023-05-08 21:38:23.749189,0
0,0,0,0,0,2023-05-08 21:38:24.749245,0
0,0,0,0,0,2023-05-08 21:38:25.750005,0
0,0,0,0,0,2023-05-08 21:38:26.750900,0
0,0,0,0,0,2023-05-08 21:38:27.751369,0
0,0,0,0,0,2023-05-08 21:38:28.751877,0
0,0,0,0,0,2023-05-08 21:38:29.752296,0
0,0,0,0,0,2023-05-08 21:38:30.752603,0
0,0,0,0,0,2023-05-08 21:38:31.753490,0
0,0,0,0,0,2023-05-08 21:38:32.753772,0
0,0,0,0,0,2023-05-08 21:38:33.753891,0
0,0,0,0,0,2023-05-08 21:38:34.754173,0
0,0,0,0,0,2023-05-08 21:38:35.754987,0
0,0,0,0,0,2023-05-08 21:38:37.756674,0
0,0,0,0,0,2023-05-08 21:38:38.756778,0
0,0,0,0,0,2023-05-08 21:38:39.757547,0
0,0,0,0,0,2023-05-08 21:38:40.757791,0
0,0,0,0,0,2023-05-08 21:38:42.759159,0
0,0,0,0,0,2023-05-08 21:38:43.759879,0
0,0,0,0,0,2023-05-08 21:38:44.760034,0
0,0,0,0,0,2023-05-08 21:38:45.760688,0
0,0,0,0,0,2023-05-08 21:38:46.760939,0
0,0,0,0,0,2023-05-08 21:38:48.761420,0
0,0,0,0,0,2023-05-08 21:38:49.761431,0
0,0,0,0,0,2023-05-08 21:38:50.762325,0
0,0,0,0,0,2023-05-08 21:38:51.763522,0
0,0,0,0,0,2023-05-08 21:38:52.764875,0
0,0,0,0,0,2023-05-08 21:38:53.765166,0
0,0,0,0,0,2023-05-08 21:38:54.766536,0
0,0,0,0,0,2023-05-08 21:38:56.767808,0
0,0,0,0,0,2023-05-08 21:38:57.768138,0
0,0,0,0,0,2023-05-08 21:38:58.768409,0
0,0,0,0,0,2023-05-08 21:39:00.769677,0
0,0,0,0,0,2023-05-08 21:39:01.770256,0
0,0,0,0,0,2023-05-08 21:39:02.770658,0
0,0,0,0,0,2023-05-08 21:39:03.770659,0
0,0,0,0,0,2023-05-08 21:39:04.770951,0
0,0,0,0,0,2023-05-08 21:39:05.771552,0
0,0,0,0,0,2023-05-08 21:39:06.771981,0
0,0,0,0,0,2023-05-08 21:39:07.772503,0
0,0,0,0,0,2023-05-08 21:39:08.772666,0
0,0,0,0,0,2023-05-08 21:39:09.773388,0
0,0,0,0,0,2023-05-08 21:39:10.773908,0
0,0,0,0,0,2023-05-08 21:39:11.774850,0
0,0,0,0,0,2023-05-08 21:39:12.775043,0
0,0,0,0,0,2023-05-08 21:39:13.775086,0
0,0,0,0,0,2023-05-08 21:39:14.775895,0
0,0,0,0,0,2023-05-08 21:39:17.777158,0
0,0,0,0,0,2023-05-08 21:39:18.777567,0
0,0,0,0,0,2023-05-08 21:39:19.777745,0
0,0,0,0,0,2023-05-08 21:39:20.778047,0
0,0,0,0,0,2023-05-08 21:39:21.778344,0
0,0,0,0,0,2023-05-08 21:39:22.779174,0
0,0,0,0,0,2023-05-08 21:39:23.779736,0
0,0,0,0,0,2023-05-08 21:39:24.780595,0
0,0,0,0,0,2023-05-08 21:39:25.780900,0
0,0,0,0,0,2023-05-08 21:39:26.781395,0
0,0,0,0,0,2023-05-08 21:39:27.781748,0
0,0,0,0,0,2023-05-08 21:39:28.782021,0
0,0,0,0,0,2023-05-08 21:39:29.782599,0
0,0,0,0,0,2023-05-08 21:39:31.784038,0
0,0,0,0,0,2023-05-08 21:39:32.784223,0
0,0,0,0,0,2023-05-08 21:39:33.784955,0
0,0,0,0,0,2023-05-08 21:39:34.785361,0
0,0,0,0,0,2023-05-08 21:39:35.785489,0
0,0,0,0,0,2023-05-08 21:39:36.786101,0
0,0,0,0,0,2023-05-08 21:39:37.786436,0
0,0,0,0,0,2023-05-08 21:39:38.787344,0
0,0,0,0,0,2023-05-08 21:39:39.787584,0
0,0,0,0,0,2023-05-08 21:39:40.787849,0
0,0,0,0,0,2023-05-08 21:39:41.788126,0
0,0,0,0,0,2023-05-08 21:39:42.788968,0
0,0,0,0,0,2023-05-08 21:39:43.789418,0
0,0,0,0,0,2023-05-08 21:39:44.789897,0
0,0,0,0,0,2023-05-08 21:39:45.790284,0
0,0,0,0,0,2023-05-08 21:39:46.791005,0
0,0,0,0,0,2023-05-08 21:39:47.791609,0
0,0,0,0,0,2023-05-08 21:39:48.792387,0
0,0,0,0,0,2023-05-08 21:39:49.792754,0
0,0,0,0,0,2023-05-08 21:39:50.793330,0
0,0,0,0,0,2023-05-08 21:39:51.793588,0
0,0,0,0,0,2023-05-08 21:39:52.794238,0
0,0,0,0,0,2023-05-08 21:39:53.794345,0
0,0,0,0,0,2023-05-08 21:39:54.794548,0
0,0,0,0,0,2023-05-08 21:39:55.794728,0
0,0,0,0,0,2023-05-08 21:39:56.795436,0
0,0,0,0,0,2023-05-08 21:39:58.795765,0
0,0,0,0,0,2023-05-08 21:39:59.796659,0
0,0,0,0,0,2023-05-08 21:40:02.798275,0
0,0,0,0,0,2023-05-08 21:40:03.799076,0
0,0,0,0,0,2023-05-08 21:40:04.799156,0
0,0,0,0,0,2023-05-08 21:40:05.799224,0
0,0,0,0,0,2023-05-08 21:40:06.799327,0
0,0,0,0,0,2023-05-08 21:40:07.800004,0
0,0,0,0,0,2023-05-08 21:40:08.800786,0
0,0,0,0,0,2023-05-08 21:40:09.801641,0
0,0,0,0,0,2023-05-08 21:40:10.801956,0
0,0,0,0,0,2023-05-08 21:40:11.802638,0
0,0,0,0,0,2023-05-08 21:40:12.803592,0
0,0,0,0,0,2023-05-08 21:40:14.804487,0
0,0,0,0,0,2023-05-08 21:40:15.804869,0
0,0,0,0,0,2023-05-08 21:40:16.805536,0
0,0,0,0,0,2023-05-08 21:40:17.806308,0
0,0,0,0,0,2023-05-08 21:40:18.807164,0
0,0,0,0,0,2023-05-08 21:40:19.807694,0
0,0,0,0,0,2023-05-08 21:40:21.808628,0
0,0,0,0,0,2023-05-08 21:40:22.809015,0
0,0,0,0,0,2023-05-08 21:40:23.809771,0
0,0,0,0,0,2023-05-08 21:40:24.809917,0
0,0,0,0,0,2023-05-08 21:40:25.810426,0
0,0,0,0,0,2023-05-08 21:40:26.810433,0
0,0,0,0,0,2023-05-08 21:40:27.811272,0
0,0,0,0,0,2023-05-08 21:40:28.812034,0
0,0,0,0,0,2023-05-08 21:40:29.812653,0
0,0,0,0,0,2023-05-08 21:40:30.812825,0
0,0,0,0,0,2023-05-08 21:40:32.813912,0
0,0,0,0,0,2023-05-08 21:40:33.813987,0
0,0,0,0,0,2023-05-08 21:40:35.814790,0
0,0,0,0,0,2023-05-08 21:40:36.815783,0
0,0,0,0,0,2023-05-08 21:40:37.816434,0
0,0,0,0,0,2023-05-08 21:40:38.816911,0
0,0,0,0,0,2023-05-08 21:40:40.818518,0
0,0,0,0,0,2023-05-08 21:40:42.819987,0
0,0,0,0,0,2023-05-08 21:40:43.821030,0
0,0,0,0,0,2023-05-08 21:40:44.822486,0
0,0,0,0,0,2023-05-08 21:40:45.822997,0
0,0,0,0,0,2023-05-08 21:40:46.823612,0
0,0,0,0,0,2023-05-08 21:40:47.824202,0
0,0,0,0,0,2023-05-08 21:40:48.824928,0
0,0,0,0,0,2023-05-08 21:40:49.825821,0
0,0,0,0,0,2023-05-08 21:40:50.826165,0
0,0,0,0,0,2023-05-08 21:40:51.826472,0
0,0,0,0,0,2023-05-08 21:40:53.827072,0
0,0,0,0,0,2023-05-08 21:40:54.827555,0
0,0,0,0,0,2023-05-08 21:40:55.828129,0
0,0,0,0,0,2023-05-08 21:40:56.828980,0
0,0,0,0,0,2023-05-08 21:40:58.830306,0
0,0,0,0,0,2023-05-08 21:40:59.830565,0
0,0,0,0,0,2023-05-08 21:41:00.831151,0
0,0,0,0,0,2023-05-08 21:41:01.832061,0
0,0,0,0,0,2023-05-08 21:41:02.832863,0
0,0,0,0,0,2023-05-08 21:41:03.833541,0
0,0,0,0,0,2023-05-08 21:41:04.834283,0
0,0,0,0,0,2023-05-08 21:41:05.835145,0
0,0,0,0,0,2023-05-08 21:41:06.835379,0
0,0,0,0,0,2023-05-08 21:41:07.835536,0
0,0,0,0,0,2023-05-08 21:41:08.836225,0
0,0,0,0,0,2023-05-08 21:41:09.836502,0
0,0,0,0,0,2023-05-08 21:41:10.836805,0
0,0,0,0,0,2023-05-08 21:41:11.837496,0
0,0,0,0,0,2023-05-08 21:41:12.838337,0
0,0,0,0,0,2023-05-08 21:41:13.838384,0
0,0,0,0,0,2023-05-08 21:41:16.839391,0
0,0,0,0,0,2023-05-08 21:41:17.840050,0
0,0,0,0,0,2023-05-08 21:41:19.840354,0
0,0,0,0,0,2023-05-08 21:41:20.840437,0
0,0,0,0,0,2023-05-08 21:41:21.840637,0
0,0,0,0,0,2023-05-08 21:41:22.840772,0
0,0,0,0,0,2023-05-08 21:41:23.841622,0
0,0,0,0,0,2023-05-08 21:41:24.841915,0
0,0,0,0,0,2023-05-08 21:41:25.842885,0
0,0,0,0,0,2023-05-08 21:41:26.843325,0
0,0,0,0,0,2023-05-08 21:41:27.843449,0
0,0,0,0,0,2023-05-08 21:41:28.844301,0
0,0,0,0,0,2023-05-08 21:41:29.844637,0
0,0,0,0,0,2023-05-08 21:41:30.845379,0
0,0,0,0,0,2023-05-08 21:41:32.846522,0
0,0,0,0,0,2023-05-08 21:41:34.847452,0
0,0,0,0,0,2023-05-08 21:41:35.847788,0
0,0,0,0,0,2023-05-08 21:41:36.848718,0
0,0,0,0,0,2023-05-08 21:41:37.849255,0
0,0,0,0,0,2023-05-08 21:41:38.850179,0
0,0,0,0,0,2023-05-08 21:41:39.850684,0
0,0,0,0,0,2023-05-08 21:41:41.851803,0
0,0,0,0,0,2023-05-08 21:41:42.852647,0
0,0,0,0,0,2023-05-08 21:41:43.852865,0
0,0,0,0,0,2023-05-08 21:41:44.852886,0
0,0,0,0,0,2023-05-08 21:41:45.852940,0
0,0,0,0,0,2023-05-08 21:41:46.853131,0
0,0,0,0,0,2023-05-08 21:41:47.853163,0
0,0,0,0,0,2023-05-08 21:41:48.853658,0
0,0,0,0,0,2023-05-08 21:41:49.854459,0
0,0,0,0,0,2023-05-08 21:41:50.855034,0
0,0,0,0,0,2023-05-08 21:41:51.855041,0
0,0,0,0,0,2023-05-08 21:41:52.855103,0
0,0,0,0,0,2023-05-08 21:41:53.855608,0
0,0,0,0,0,2023-05-08 21:41:54.856139,0
0,0,0,0,0,2023-05-08 21:41:55.857120,0
0,0,0,0,0,2023-05-08 21:41:56.857736,0
0,0,0,0,0,2023-05-08 21:41:57.858038,0
0,0,0,0,0,2023-05-08 21:41:58.858997,0
0,0,0,0,0,2023-05-08 21:41:59.859268,0
0,0,0,0,0,2023-05-08 21:42:00.859876,0
0,0,0,0,0,2023-05-08 21:42:01.860257,0
0,0,0,0,0,2023-05-08 21:42:02.861060,0
0,0,0,0,0,2023-05-08 21:42:05.862276,0
0,0,0,0,0,2023-05-08 21:42:07.863283,0
0,0,0,0,0,2023-05-08 21:42:08.863966,0
0,0,0,0,0,2023-05-08 21:42:09.864683,0
0,0,0,0,0,2023-05-08 21:42:10.864840,0
0,0,0,0,0,2023-05-08 21:42:11.864860,0
0,0,0,0,0,2023-05-08 21:42:12.865052,0
0,0,0,0,0,2023-05-08 21:42:14.865881,0
0,0,0,0,0,2023-05-08 21:42:15.866308,0
0,0,0,0,0,2023-05-08 21:42:16.867042,0
0,0,0,0,0,2023-05-08 21:42:17.867850,0
0,0,0,0,0,2023-05-08 21:42:18.867862,0
0,0,0,0,0,2023-05-08 21:42:19.868471,0
0,0,0,0,0,2023-05-08 21:42:20.868956,0
0,0,0,0,0,2023-05-08 21:42:21.869819,0
0,0,0,0,0,2023-05-08 21:42:22.870240,0
0,0,0,0,0,2023-05-08 21:42:23.870638,0
0,0,0,0,0,2023-05-08 21:42:24.871016,0
0,0,0,0,0,2023-05-08 21:42:25.871507,0
0,0,0,0,0,2023-05-08 21:42:27.872255,0
0,0,0,0,0,2023-05-08 21:42:28.873059,0
0,0,0,0,0,2023-05-08 21:42:29.873989,0
0,0,0,0,0,2023-05-08 21:42:30.874323,0
0,0,0,0,0,2023-05-08 21:42:31.875310,0
0,0,0,0,0,2023-05-08 21:42:32.875732,0
0,0,0,0,0,2023-05-08 21:42:33.875950,0
0,0,0,0,0,2023-05-08 21:42:34.876276,0
0,0,0,0,0,2023-05-08 21:42:35.877303,0
0,0,0,0,0,2023-05-08 21:42:36.877552,0
0,0,0,0,0,2023-05-08 21:42:37.877686,0
0,0,0,0,0,2023-05-08 21:42:38.877724,0
0,0,0,0,0,2023-05-08 21:42:39.878281,0
0,0,0,0,0,2023-05-08 21:42:40.879277,0
0,0,0,0,0,2023-05-08 21:42:41.879312,0
0,0,0,0,0,2023-05-08 21:42:42.879820,0
0,0,0,0,0,2023-05-08 21:42:44.880513,0
0,0,0,0,0,2023-05-08 21:42:46.881360,0
0,0,0,0,0,2023-05-08 21:42:47.881589,0
0,0,0,0,0,2023-05-08 21:42:48.881956,0
0,0,0,0,0,2023-05-08 21:42:49.882073,0
0,0,0,0,0,2023-05-08 21:42:51.883676,0
0,0,0,0,0,2023-05-08 21:42:52.883886,0
0,0,0,0,0,2023-05-08 21:42:53.884449,0
0,0,0,0,0,2023-05-08 21:42:54.885420,0
0,0,0,0,0,2023-05-08 21:42:55.885534,0
0,0,0,0,0,2023-05-08 21:42:58.886715,0
0,0,0,0,0,2023-05-08 21:42:59.887078,0
0,0,0,0,0,2023-05-08 21:43:00.887552,0
0,0,0,0,0,2023-05-08 21:43:01.888463,0
0,0,0,0,0,2023-05-08 21:43:02.889265,0
0,0,0,0,0,2023-05-08 21:43:03.889487,0
0,0,0,0,0,2023-05-08 21:43:04.890452,0
0,0,0,0,0,2023-05-08 21:43:05.891277,0
0,0,0,0,0,2023-05-08 21:43:06.891429,0
0,0,0,0,0,2023-05-08 21:43:07.891868,0
0,0,0,0,0,2023-05-08 21:43:08.892447,0
0,0,0,0,0,2023-05-08 21:43:09.892888,0
0,0,0,0,0,2023-05-08 21:43:10.893854,0
0,0,0,0,0,2023-05-08 21:43:11.894817,0
0,0,0,0,0,2023-05-08 21:43:12.894935,0
0,0,0,0,0,2023-05-08 21:43:13.895413,0
0,0,0,0,0,2023-05-08 21:43:14.895463,0
0,0,0,0,0,2023-05-08 21:43:15.895751,0
0,0,0,0,0,2023-05-08 21:43:16.896316,0
0,0,0,0,0,2023-05-08 21:43:17.897173,0
0,0,0,0,0,2023-05-08 21:43:18.898144,0
0,0,0,0,0,2023-05-08 21:43:19.899014,0
0,0,0,0,0,2023-05-08 21:43:20.899914,0
0,0,0,0,0,2023-05-08 21:43:21.900778,0
0,0,0,0,0,2023-05-08 21:43:22.901307,0
0,0,0,0,0,2023-05-08 21:43:23.902295,0
0,0,0,0,0,2023-05-08 21:43:24.902748,0
0,0,0,0,0,2023-05-08 21:43:25.902949,0
0,0,0,0,0,2023-05-08 21:43:26.903823,0
0,0,0,0,0,2023-05-08 21:43:27.904718,0
0,0,0,0,0,2023-05-08 21:43:28.905604,0
0,0,0,0,0,2023-05-08 21:43:29.906011,0
0,0,0,0,0,2023-05-08 21:43:30.906584,0
0,0,0,0,0,2023-05-08 21:43:31.907196,0
0,0,0,0,0,2023-05-08 21:43:32.907787,0
0,0,0,0,0,2023-05-08 21:43:33.908073,0
0,0,0,0,0,2023-05-08 21:43:34.908713,0
0,0,0,0,0,2023-05-08 21:43:35.909354,0
0,0,0,0,0,2023-05-08 21:43:36.910277,0
0,0,0,0,0,2023-05-08 21:43:37.910323,0
0,0,0,0,0,2023-05-08 21:43:38.911237,0
0,0,0,0,0,2023-05-08 21:43:39.912161,0
0,0,0,0,0,2023-05-08 21:43:40.912435,0
0,0,0,0,0,2023-05-08 21:43:41.913284,0
0,0,0,0,0,2023-05-08 21:43:42.913596,0
0,0,0,0,0,2023-05-08 21:43:43.914832,0
0,0,0,0,0,2023-05-08 21:43:44.914876,0
0,0,0,0,0,2023-05-08 21:43:45.915042,0
0,0,0,0,0,2023-05-08 21:43:46.915781,0
0,0,0,0,0,2023-05-08 21:43:47.916308,0
0,0,0,0,0,2023-05-08 21:43:48.917145,0
0,0,0,0,0,2023-05-08 21:43:49.917256,0
0,0,0,0,0,2023-05-08 21:43:50.917502,0
0,0,0,0,0,2023-05-08 21:43:51.918204,0
0,0,0,0,0,2023-05-08 21:43:52.918436,0
0,0,0,0,0,2023-05-08 21:43:54.919667,0
0,0,0,0,0,2023-05-08 21:43:55.920150,0
0,0,0,0,0,2023-05-08 21:43:57.921428,0
0,0,0,0,0,2023-05-08 21:43:58.921935,0
0,0,0,0,0,2023-05-08 21:43:59.922062,0
0,0,0,0,0,2023-05-08 21:44:00.922498,0
0,0,0,0,0,2023-05-08 21:44:01.923081,0
0,0,0,0,0,2023-05-08 21:44:02.923367,0
0,0,0,0,0,2023-05-08 21:44:04.924704,0
0,0,0,0,0,2023-05-08 21:44:05.925440,0
0,0,0,0,0,2023-05-08 21:44:06.926042,0
0,0,0,0,0,2023-05-08 21:44:07.926667,0
0,0,0,0,0,2023-05-08 21:44:08.927453,0
0,0,0,0,0,2023-05-08 21:44:09.928108,0
0,0,0,0,0,2023-05-08 21:44:10.928146,0
0,0,0,0,0,2023-05-08 21:44:11.928920,0
0,0,0,0,0,2023-05-08 21:44:12.929247,0
0,0,0,0,0,2023-05-08 21:44:13.929492,0
0,0,0,0,0,2023-05-08 21:44:14.929815,0
0,0,0,0,0,2023-05-08 21:44:15.929926,0
0,0,0,0,0,2023-05-08 21:44:17.931312,0
0,0,0,0,0,2023-05-08 21:44:18.931774,0
0,0,0,0,0,2023-05-08 21:44:19.932361,0
0,0,0,0,0,2023-05-08 21:44:20.932964,0
0,0,0,0,0,2023-05-08 21:44:21.932989,0
0,0,0,0,0,2023-05-08 21:44:22.933154,0
0,0,0,0,0,2023-05-08 21:44:23.933788,0
0,0,0,0,0,2023-05-08 21:44:24.934009,0
0,0,0,0,0,2023-05-08 21:44:25.934106,0
0,0,0,0,0,2023-05-08 21:44:26.934204,0
0,0,0,0,0,2023-05-08 21:44:27.934795,0
0,0,0,0,0,2023-05-08 21:44:28.934829,0
0,0,0,0,0,2023-05-08 21:44:29.935395,0
0,0,0,0,0,2023-05-08 21:44:30.935582,0
0,0,0,0,0,2023-05-08 21:44:31.936332,0
0,0,0,0,0,2023-05-08 21:44:32.937111,0
0,0,0,0,0,2023-05-08 21:44:34.938285,0
0,0,0,0,0,2023-05-08 21:44:35.938398,0
0,0,0,0,0,2023-05-08 21:44:36.939327,0
0,0,0,0,0,2023-05-08 21:44:37.939360,0
0,0,0,0,0,2023-05-08 21:44:38.939568,0
0,0,0,0,0,2023-05-08 21:44:39.940110,0
0,0,0,0,0,2023-05-08 21:44:40.940322,0
0,0,0,0,0,2023-05-08 21:44:41.940477,0
0,0,0,0,0,2023-05-08 21:44:42.940827,0
0,0,0,0,0,2023-05-08 21:44:43.941713,0
0,0,0,0,0,2023-05-08 21:44:44.942645,0
0,0,0,0,0,2023-05-08 21:44:45.942924,0
0,0,0,0,0,2023-05-08 21:44:46.943202,0
0,0,0,0,0,2023-05-08 21:44:47.943758,0
0,0,0,0,0,2023-05-08 21:44:48.944461,0
0,0,0,0,0,2023-05-08 21:44:49.944630,0
0,0,0,0,0,2023-05-08 21:44:50.945468,0
0,0,0,0,0,2023-05-08 21:44:51.946454,0
0,0,0,0,0,2023-05-08 21:44:53.946749,0
0,0,0,0,0,2023-05-08 21:44:54.947613,0
0,0,0,0,0,2023-05-08 21:44:56.948277,0
0,0,0,0,0,2023-05-08 21:44:57.948388,0
0,0,0,0,0,2023-05-08 21:44:58.949330,0
0,0,0,0,0,2023-05-08 21:44:59.950113,0
0,0,0,0,0,2023-05-08 21:45:00.950729,0
0,0,0,0,0,2023-05-08 21:45:01.951337,0
0,0,0,0,0,2023-05-08 21:45:02.951769,0
0,0,0,0,0,2023-05-08 21:45:03.952436,0
0,0,0,0,0,2023-05-08 21:45:04.953218,0
0,0,0,0,0,2023-05-08 21:45:05.954011,0
0,0,0,0,0,2023-05-08 21:45:06.954849,0
0,0,0,0,0,2023-05-08 21:45:07.955607,0
0,0,0,0,0,2023-05-08 21:45:08.955886,0
0,0,0,0,0,2023-05-08 21:45:09.956187,0
0,0,0,0,0,2023-05-08 21:45:10.956408,0
0,0,0,0,0,2023-05-08 21:45:11.956450,0
0,0,0,0,0,2023-05-08 21:45:12.957391,0
0,0,0,0,0,2023-05-08 21:45:13.957637,0
0,0,0,0,0,2023-05-08 21:45:14.958618,0
0,0,0,0,0,2023-05-08 21:45:15.958687,0
0,0,0,0,0,2023-05-08 21:45:16.958755,0
0,0,0,0,0,2023-05-08 21:45:17.958849,0
0,0,0,0,0,2023-05-08 21:45:18.959007,0
0,0,0,0,0,2023-05-08 21:45:19.959908,0
0,0,0,0,0,2023-05-08 21:45:20.960259,0
0,0,0,0,0,2023-05-08 21:45:21.960790,0
0,0,0,0,0,2023-05-08 21:45:22.961240,0
0,0,0,0,0,2023-05-08 21:45:23.961925,0
0,0,0,0,0,2023-05-08 21:45:24.961940,0
0,0,0,0,0,2023-05-08 21:45:26.963489,0
0,0,0,0,0,2023-05-08 21:45:28.964970,0
0,0,0,0,0,2023-05-08 21:45:29.965281,0
0,0,0,0,0,2023-05-08 21:45:30.965510,0
0,0,0,0,0,2023-05-08 21:45:31.965734,0
0,0,0,0,0,2023-05-08 21:45:32.966728,0
0,0,0,0,0,2023-05-08 21:45:33.966742,0
0,0,0,0,0,2023-05-08 21:45:34.967363,0
0,0,0,0,0,2023-05-08 21:45:35.967460,0
0,0,0,0,0,2023-05-08 21:45:36.968440,0
0,0,0,0,0,2023-05-08 21:45:37.968738,0
0,0,0,0,0,2023-05-08 21:45:38.969193,0
0,0,0,0,0,2023-05-08 21:45:39.970058,0
0,0,0,0,0,2023-05-08 21:45:40.970515,0
0,0,0,0,0,2023-05-08 21:45:41.971340,0
0,0,0,0,0,2023-05-08 21:45:42.971697,0
0,0,0,0,0,2023-05-08 21:45:43.972256,0
0,0,0,0,0,2023-05-08 21:45:44.972921,0
0,0,0,0,0,2023-05-08 21:45:45.973051,0
0,0,0,0,0,2023-05-08 21:45:46.973340,0
0,0,0,0,0,2023-05-08 21:45:47.973517,0
0,0,0,0,0,2023-05-08 21:45:48.973726,0
0,0,0,0,0,2023-05-08 21:45:49.974216,0
0,0,0,0,0,2023-05-08 21:45:50.974843,0
0,0,0,0,0,2023-05-08 21:45:51.975558,0
0,0,0,0,0,2023-05-08 21:45:52.976436,0
0,0,0,0,0,2023-05-08 21:45:54.977582,0
0,0,0,0,0,2023-05-08 21:45:56.978679,0
0,0,0,0,0,2023-05-08 21:45:57.979136,0
0,0,0,0,0,2023-05-08 21:45:58.979173,0
0,0,0,0,0,2023-05-08 21:45:59.979620,0
0,0,0,0,0,2023-05-08 21:46:00.979667,0
0,0,0,0,0,2023-05-08 21:46:01.980171,0
0,0,0,0,0,2023-05-08 21:46:02.980797,0
0,0,0,0,0,2023-05-08 21:46:04.981252,0
0,0,0,0,0,2023-05-08 21:46:05.981993,0
0,0,0,0,0,2023-05-08 21:46:06.982785,0
0,0,0,0,0,2023-05-08 21:46:07.982840,0
0,0,0,0,0,2023-05-08 21:46:09.984248,0
0,0,0,0,0,2023-05-08 21:46:10.984469,0
0,0,0,0,0,2023-05-08 21:46:12.985633,0
0,0,0,0,0,2023-05-08 21:46:13.986529,0
0,0,0,0,0,2023-05-08 21:46:14.986898,0
0,0,0,0,0,2023-05-08 21:46:15.987183,0
0,0,0,0,0,2023-05-08 21:46:17.987916,0
0,0,0,0,0,2023-05-08 21:46:20.988835,0
0,0,0,0,0,2023-05-08 21:46:21.989339,0
0,0,0,0,0,2023-05-08 21:46:22.990020,0
0,0,0,0,0,2023-05-08 21:46:23.990768,0
0,0,0,0,0,2023-05-08 21:46:24.991327,0
0,0,0,0,0,2023-05-08 21:46:25.991497,0
0,0,0,0,0,2023-05-08 21:46:27.992773,0
0,0,0,0,0,2023-05-08 21:46:28.993207,0
0,0,0,0,0,2023-05-08 21:46:29.993572,0
0,0,0,0,0,2023-05-08 21:46:30.994000,0
0,0,0,0,0,2023-05-08 21:46:31.994669,0
0,0,0,0,0,2023-05-08 21:46:32.994686,0
0,0,0,0,0,2023-05-08 21:46:33.994780,0
0,0,0,0,0,2023-05-08 21:46:34.994913,0
0,0,0,0,0,2023-05-08 21:46:35.995314,0
0,0,0,0,0,2023-05-08 21:46:36.995484,0
0,0,0,0,0,2023-05-08 21:46:37.995763,0
0,0,0,0,0,2023-05-08 21:46:38.996477,0
0,0,0,0,0,2023-05-08 21:46:39.997418,0
0,0,0,0,0,2023-05-08 21:46:40.998307,0
0,0,0,0,0,2023-05-08 21:46:41.999193,0
0,0,0,0,0,2023-05-08 21:46:42.999447,0
0,0,0,0,0,2023-05-08 21:46:45.000472,0
0,0,0,0,0,2023-05-08 21:46:47.000927,0
0,0,0,0,0,2023-05-08 21:46:49.002089,0
0,0,0,0,0,2023-05-08 21:46:50.002684,0
0,0,0,0,0,2023-05-08 21:46:51.002969,0
0,0,0,0,0,2023-05-08 21:46:53.004319,0
0,0,0,0,0,2023-05-08 21:46:54.004876,0
0,0,0,0,0,2023-05-08 21:46:55.005810,0
0,0,0,0,0,2023-05-08 21:46:57.007062,0
0,0,0,0,0,2023-05-08 21:46:58.007827,0
0,0,0,0,0,2023-05-08 21:46:59.008121,0
0,0,0,0,0,2023-05-08 21:47:02.010075,0
0,0,0,0,0,2023-05-08 21:47:04.011319,0
0,0,0,0,0,2023-05-08 21:47:05.012246,0
0,0,0,0,0,2023-05-08 21:47:06.013033,0
0,0,0,0,0,2023-05-08 21:47:08.013790,0
0,0,0,0,0,2023-05-08 21:47:10.014153,0
0,0,0,0,0,2023-05-08 21:47:12.014558,0
0,0,0,0,0,2023-05-08 21:47:14.015297,0
0,0,0,0,0,2023-05-08 21:47:16.016195,0
0,0,0,0,0,2023-05-08 21:47:18.016929,0
0,0,0,0,0,2023-05-08 21:47:19.017293,0
0,0,0,0,0,2023-05-08 21:47:20.017868,0
0,0,0,0,0,2023-05-08 21:47:21.018802,0
0,0,0,0,0,2023-05-08 21:47:22.018871,0
0,0,0,0,0,2023-05-08 21:47:24.020075,0
0,0,0,0,0,2023-05-08 21:47:25.020137,0
0,0,0,0,0,2023-05-08 21:47:26.020558,0
0,0,0,0,0,2023-05-08 21:47:28.022047,0
0,0,0,0,0,2023-05-08 21:47:29.022176,0
0,0,0,0,0,2023-05-08 21:47:31.023111,0
0,0,0,0,0,2023-05-08 21:47:32.023535,0
0,0,0,0,0,2023-05-08 21:47:33.023796,0
0,0,0,0,0,2023-05-08 21:47:34.024045,0
0,0,0,0,0,2023-05-08 21:47:36.024955,0
0,0,0,0,0,2023-05-08 21:47:38.026219,0
0,0,0,0,0,2023-05-08 21:47:39.027152,0
0,0,0,0,0,2023-05-08 21:47:41.027674,0
0,0,0,0,0,2023-05-08 21:47:42.027746,0
0,0,0,0,0,2023-05-08 21:47:43.028271,0
0,0,0,0,0,2023-05-08 21:47:44.028424,0
0,0,0,0,0,2023-05-08 21:47:45.028649,0
0,0,0,0,0,2023-05-08 21:47:47.029226,0
0,0,0,0,0,2023-05-08 21:47:48.029589,0
0,0,0,0,0,2023-05-08 21:47:49.030322,0
0,0,0,0,0,2023-05-08 21:47:50.030329,0
0,0,0,0,0,2023-05-08 21:47:51.031151,0
0,0,0,0,0,2023-05-08 21:47:52.032000,0
0,0,0,0,0,2023-05-08 21:47:53.032326,0
0,0,0,0,0,2023-05-08 21:47:54.032582,0
0,0,0,0,0,2023-05-08 21:47:56.034048,0
0,0,0,0,0,2023-05-08 21:47:57.035017,0
0,0,0,0,0,2023-05-08 21:47:58.035616,0
0,0,0,0,0,2023-05-08 21:47:59.036582,0
0,0,0,0,0,2023-05-08 21:48:00.037169,0
0,0,0,0,0,2023-05-08 21:48:01.037383,0
0,0,0,0,0,2023-05-08 21:48:02.037483,0
0,0,0,0,0,2023-05-08 21:48:03.037874,0
0,0,0,0,0,2023-05-08 21:48:04.038501,0
0,0,0,0,0,2023-05-08 21:48:05.038961,0
0,0,0,0,0,2023-05-08 21:48:06.039317,0
0,0,0,0,0,2023-05-08 21:48:07.039626,0
0,0,0,0,0,2023-05-08 21:48:08.040045,0
0,0,0,0,0,2023-05-08 21:48:11.041510,0
0,0,0,0,0,2023-05-08 21:48:12.042233,0
0,0,0,0,0,2023-05-08 21:48:13.042741,0
0,0,0,0,0,2023-05-08 21:48:14.043153,0
0,0,0,0,0,2023-05-08 21:48:15.043411,0
0,0,0,0,0,2023-05-08 21:48:16.043990,0
0,0,0,0,0,2023-05-08 21:48:17.044215,0
0,0,0,0,0,2023-05-08 21:48:18.044535,0
0,0,0,0,0,2023-05-08 21:48:19.044631,0
0,0,0,0,0,2023-05-08 21:48:20.044978,0
0,0,0,0,0,2023-05-08 21:48:21.045363,0
0,0,0,0,0,2023-05-08 21:48:22.045721,0
0,0,0,0,0,2023-05-08 21:48:23.045977,0
0,0,0,0,0,2023-05-08 21:48:24.046833,0
0,0,0,0,0,2023-05-08 21:48:25.047531,0
0,0,0,0,0,2023-05-08 21:48:26.048160,0
0,0,0,0,0,2023-05-08 21:48:27.048751,0
0,0,0,0,0,2023-05-08 21:48:28.048763,0
0,0,0,0,0,2023-05-08 21:48:29.049186,0
0,0,0,0,0,2023-05-08 21:48:30.050147,0
0,0,0,0,0,2023-05-08 21:48:32.051441,0
0,0,0,0,0,2023-05-08 21:48:33.052460,0
0,0,0,0,0,2023-05-08 21:48:34.053254,0
0,0,0,0,0,2023-05-08 21:48:35.053775,0
0,0,0,0,0,2023-05-08 21:48:37.054859,0
0,0,0,0,0,2023-05-08 21:48:38.055253,0
0,0,0,0,0,2023-05-08 21:48:39.055592,0
0,0,0,0,0,2023-05-08 21:48:40.055664,0
0,0,0,0,0,2023-05-08 21:48:42.056330,0
0,0,0,0,0,2023-05-08 21:48:43.056957,0
0,0,0,0,0,2023-05-08 21:48:44.057023,0
0,0,0,0,0,2023-05-08 21:48:45.057276,0
0,0,0,0,0,2023-05-08 21:48:46.057849,0
0,0,0,0,0,2023-05-08 21:48:47.058461,0
0,0,0,0,0,2023-05-08 21:48:48.058952,0
0,0,0,0,0,2023-05-08 21:48:49.059125,0
0,0,0,0,0,2023-05-08 21:48:50.060086,0
0,0,0,0,0,2023-05-08 21:48:51.060598,0
0,0,0,0,0,2023-05-08 21:48:52.060767,0
0,0,0,0,0,2023-05-08 21:48:53.061491,0
0,0,0,0,0,2023-05-08 21:48:56.063954,0
0,0,0,0,0,2023-05-08 21:48:57.064020,0
0,0,0,0,0,2023-05-08 21:48:58.064635,0
0,0,0,0,0,2023-05-08 21:48:59.065578,0
0,0,0,0,0,2023-05-08 21:49:00.066215,0
0,0,0,0,0,2023-05-08 21:49:02.066679,0
0,0,0,0,0,2023-05-08 21:49:03.067316,0
0,0,0,0,0,2023-05-08 21:49:04.068031,0
0,0,0,0,0,2023-05-08 21:49:05.068264,0
0,0,0,0,0,2023-05-08 21:49:06.068482,0
0,0,0,0,0,2023-05-08 21:49:07.068634,0
0,0,0,0,0,2023-05-08 21:49:08.068961,0
0,0,0,0,0,2023-05-08 21:49:09.069898,0
0,0,0,0,0,2023-05-08 21:49:10.070129,0
0,0,0,0,0,2023-05-08 21:49:11.070994,0
0,0,0,0,0,2023-05-08 21:49:12.071551,0
0,0,0,0,0,2023-05-08 21:49:13.072030,0
0,0,0,0,0,2023-05-08 21:49:17.074596,0
0,0,0,0,0,2023-05-08 21:49:18.075311,0
0,0,0,0,0,2023-05-08 21:49:19.075580,0
0,0,0,0,0,2023-05-08 21:49:20.076221,0
0,0,0,0,0,2023-05-08 21:49:21.076776,0
0,0,0,0,0,2023-05-08 21:49:23.078004,0
0,0,0,0,0,2023-05-08 21:49:24.078810,0
0,0,0,0,0,2023-05-08 21:49:25.079460,0
0,0,0,0,0,2023-05-08 21:49:26.080334,0
0,0,0,0,0,2023-05-08 21:49:27.080453,0
0,0,0,0,0,2023-05-08 21:49:28.080718,0
0,0,0,0,0,2023-05-08 21:49:29.081126,0
0,0,0,0,0,2023-05-08 21:49:30.081150,0
0,0,0,0,0,2023-05-08 21:49:31.082046,0
0,0,0,0,0,2023-05-08 21:49:32.082057,0
0,0,0,0,0,2023-05-08 21:49:33.083011,0
0,0,0,0,0,2023-05-08 21:49:34.083845,0
0,0,0,0,0,2023-05-08 21:49:35.084482,0
0,0,0,0,0,2023-05-08 21:49:36.085463,0
0,0,0,0,0,2023-05-08 21:49:37.085958,0
0,0,0,0,0,2023-05-08 21:49:38.085990,0
0,0,0,0,0,2023-05-08 21:49:39.086867,0
0,0,0,0,0,2023-05-08 21:49:40.087746,0
0,0,0,0,0,2023-05-08 21:49:41.087954,0
0,0,0,0,0,2023-05-08 21:49:44.089958,0
0,0,0,0,0,2023-05-08 21:49:45.090362,0
0,0,0,0,0,2023-05-08 21:49:47.091186,0
0,0,0,0,0,2023-05-08 21:49:48.091592,0
0,0,0,0,0,2023-05-08 21:49:49.092365,0
0,0,0,0,0,2023-05-08 21:49:50.092761,0
0,0,0,0,0,2023-05-08 21:49:51.093171,0
0,0,0,0,0,2023-05-08 21:49:52.093410,0
0,0,0,0,0,2023-05-08 21:49:53.094018,0
0,0,0,0,0,2023-05-08 21:49:54.094585,0
0,0,0,0,0,2023-05-08 21:49:56.095710,0
0,0,0,0,0,2023-05-08 21:49:57.096425,0
0,0,0,0,0,2023-05-08 21:49:58.096852,0
0,0,0,0,0,2023-05-08 21:49:59.097096,0
0,0,0,0,0,2023-05-08 21:50:00.097590,0
0,0,0,0,0,2023-05-08 21:50:01.097644,0
0,0,0,0,0,2023-05-08 21:50:02.098031,0
0,0,0,0,0,2023-05-08 21:50:03.099015,0
0,0,0,0,0,2023-05-08 21:50:04.099306,0
0,0,0,0,0,2023-05-08 21:50:05.099732,0
0,0,0,0,0,2023-05-08 21:50:06.100103,0
0,0,0,0,0,2023-05-08 21:50:07.100700,0
0,0,0,0,0,2023-05-08 21:50:08.100792,0
0,0,0,0,0,2023-05-08 21:50:09.100796,0
0,0,0,0,0,2023-05-08 21:50:10.101345,0
0,0,0,0,0,2023-05-08 21:50:11.101476,0
0,0,0,0,0,2023-05-08 21:50:13.102387,0
0,0,0,0,0,2023-05-08 21:50:14.102801,0
0,0,0,0,0,2023-05-08 21:50:15.103797,0
0,0,0,0,0,2023-05-08 21:50:16.104368,0
0,0,0,0,0,2023-05-08 21:50:18.105970,0
0,0,0,0,0,2023-05-08 21:50:19.106713,0
0,0,0,0,0,2023-05-08 21:50:20.107503,0
0,0,0,0,0,2023-05-08 21:50:21.108039,0
0,0,0,0,0,2023-05-08 21:50:22.108379,0
0,0,0,0,0,2023-05-08 21:50:23.109023,0
0,0,0,0,0,2023-05-08 21:50:24.109673,0
0,0,0,0,0,2023-05-08 21:50:25.109771,0
0,0,0,0,0,2023-05-08 21:50:27.110316,0
0,0,0,0,0,2023-05-08 21:50:28.110968,0
0,0,0,0,0,2023-05-08 21:50:29.111281,0
0,0,0,0,0,2023-05-08 21:50:30.111792,0
0,0,0,0,0,2023-05-08 21:50:31.112216,0
0,0,0,0,0,2023-05-08 21:50:33.112758,0
0,0,0,0,0,2023-05-08 21:50:34.113672,0
0,0,0,0,0,2023-05-08 21:50:35.113793,0
0,0,0,0,0,2023-05-08 21:50:36.114577,0
0,0,0,0,0,2023-05-08 21:50:37.115316,0
0,0,0,0,0,2023-05-08 21:50:38.115677,0
0,0,0,0,0,2023-05-08 21:50:39.116277,0
0,0,0,0,0,2023-05-08 21:50:40.116576,0
0,0,0,0,0,2023-05-08 21:50:41.116749,0
0,0,0,0,0,2023-05-08 21:50:42.116928,0
0,0,0,0,0,2023-05-08 21:50:43.117671,0
0,0,0,0,0,2023-05-08 21:50:45.119284,0
0,0,0,0,0,2023-05-08 21:50:46.119444,0
0,0,0,0,0,2023-05-08 21:50:47.119800,0
0,0,0,0,0,2023-05-08 21:50:48.120417,0
0,0,0,0,0,2023-05-08 21:50:49.120436,0
0,0,0,0,0,2023-05-08 21:50:50.121110,0
0,0,0,0,0,2023-05-08 21:50:51.122053,0
0,0,0,0,0,2023-05-08 21:50:52.122388,0
0,0,0,0,0,2023-05-08 21:50:53.122821,0
0,0,0,0,0,2023-05-08 21:50:54.123251,0
0,0,0,0,0,2023-05-08 21:50:55.123492,0
0,0,0,0,0,2023-05-08 21:50:56.124181,0
0,0,0,0,0,2023-05-08 21:50:57.124196,0
0,0,0,0,0,2023-05-08 21:50:58.124665,0
0,0,0,0,0,2023-05-08 21:50:59.124947,0
0,0,0,0,0,2023-05-08 21:51:00.125011,0
0,0,0,0,0,2023-05-08 21:51:01.125430,0
0,0,0,0,0,2023-05-08 21:51:02.125952,0
0,0,0,0,0,2023-05-08 21:51:03.126221,0
0,0,0,0,0,2023-05-08 21:51:04.126891,0
0,0,0,0,0,2023-05-08 21:51:05.127398,0
0,0,0,0,0,2023-05-08 21:51:06.127677,0
0,0,0,0,0,2023-05-08 21:51:07.127953,0
0,0,0,0,0,2023-05-08 21:51:08.128729,0
0,0,0,0,0,2023-05-08 21:51:09.129658,0
0,0,0,0,0,2023-05-08 21:51:10.129737,0
0,0,0,0,0,2023-05-08 21:51:11.129971,0
0,0,0,0,0,2023-05-08 21:51:12.130227,0
0,0,0,0,0,2023-05-08 21:51:13.130967,0
0,0,0,0,0,2023-05-08 21:51:14.131380,0
0,0,0,0,0,2023-05-08 21:51:15.131455,0
0,0,0,0,0,2023-05-08 21:51:16.131587,0
0,0,0,0,0,2023-05-08 21:51:18.132004,0
0,0,0,0,0,2023-05-08 21:51:19.132311,0
0,0,0,0,0,2023-05-08 21:51:20.132682,0
0,0,0,0,0,2023-05-08 21:51:21.133557,0
0,0,0,0,0,2023-05-08 21:51:22.133841,0
0,0,0,0,0,2023-05-08 21:51:23.133857,0
0,0,0,0,0,2023-05-08 21:51:25.135249,0
0,0,0,0,0,2023-05-08 21:51:26.135481,0
0,0,0,0,0,2023-05-08 21:51:27.136161,0
0,0,0,0,0,2023-05-08 21:51:29.137286,0
0,0,0,0,0,2023-05-08 21:51:30.137364,0
0,0,0,0,0,2023-05-08 21:51:31.138147,0
0,0,0,0,0,2023-05-08 21:51:32.139082,0
0,0,0,0,0,2023-05-08 21:51:33.140025,0
0,0,0,0,0,2023-05-08 21:51:34.140684,0
0,0,0,0,0,2023-05-08 21:51:35.140689,0
0,0,0,0,0,2023-05-08 21:51:36.140791,0
0,0,0,0,0,2023-05-08 21:51:37.141458,0
0,0,0,0,0,2023-05-08 21:51:38.141666,0
0,0,0,0,0,2023-05-08 21:51:40.143281,0
0,0,0,0,0,2023-05-08 21:51:42.144027,0
0,0,0,0,0,2023-05-08 21:51:43.144557,0
0,0,0,0,0,2023-05-08 21:51:44.144974,0
0,0,0,0,0,2023-05-08 21:51:45.145179,0
0,0,0,0,0,2023-05-08 21:51:46.145450,0
0,0,0,0,0,2023-05-08 21:51:47.145902,0
0,0,0,0,0,2023-05-08 21:51:48.146326,0
0,0,0,0,0,2023-05-08 21:51:49.146905,0
0,0,0,0,0,2023-05-08 21:51:50.147849,0
0,0,0,0,0,2023-05-08 21:51:51.148571,0
0,0,0,0,0,2023-05-08 21:51:52.149031,0
0,0,0,0,0,2023-05-08 21:51:54.149803,0
0,0,0,0,0,2023-05-08 21:51:55.150638,0
0,0,0,0,0,2023-05-08 21:51:56.150655,0
0,0,0,0,0,2023-05-08 21:51:57.151080,0
0,0,0,0,0,2023-05-08 21:51:58.151570,0
0,0,0,0,0,2023-05-08 21:51:59.152400,0
0,0,0,0,0,2023-05-08 21:52:00.152863,0
0,0,0,0,0,2023-05-08 21:52:01.153743,0
0,0,0,0,0,2023-05-08 21:52:02.153881,0
0,0,0,0,0,2023-05-08 21:52:03.154017,0
0,0,0,0,0,2023-05-08 21:52:04.154297,0
0,0,0,0,0,2023-05-08 21:52:05.155253,0
0,0,0,0,0,2023-05-08 21:52:06.155430,0
0,0,0,0,0,2023-05-08 21:52:07.155756,0
0,0,0,0,0,2023-05-08 21:52:08.155987,0
0,0,0,0,0,2023-05-08 21:52:09.156484,0
0,0,0,0,0,2023-05-08 21:52:10.156622,0
0,0,0,0,0,2023-05-08 21:52:11.156935,0
0,0,0,0,0,2023-05-08 21:52:12.156938,0
0,0,0,0,0,2023-05-08 21:52:13.157800,0
0,0,0,0,0,2023-05-08 21:52:14.158768,0
0,0,0,0,0,2023-05-08 21:52:15.159180,0
0,0,0,0,0,2023-05-08 21:52:16.159986,0
0,0,0,0,0,2023-05-08 21:52:17.160325,0
0,0,0,0,0,2023-05-08 21:52:18.160857,0
0,0,0,0,0,2023-05-08 21:52:19.161631,0
0,0,0,0,0,2023-05-08 21:52:20.162266,0
0,0,0,0,0,2023-05-08 21:52:22.163637,0
0,0,0,0,0,2023-05-08 21:52:23.163854,0
0,0,0,0,0,2023-05-08 21:52:24.164741,0
0,0,0,0,0,2023-05-08 21:52:25.165551,0
0,0,0,0,0,2023-05-08 21:52:26.165678,0
0,0,0,0,0,2023-05-08 21:52:27.166511,0
0,0,0,0,0,2023-05-08 21:52:28.167106,0
0,0,0,0,0,2023-05-08 21:52:29.167671,0
0,0,0,0,0,2023-05-08 21:52:30.167901,0
0,0,0,0,0,2023-05-08 21:52:31.168387,0
0,0,0,0,0,2023-05-08 21:52:32.168757,0
0,0,0,0,0,2023-05-08 21:52:33.169156,0
0,0,0,0,0,2023-05-08 21:52:35.170718,0
0,0,0,0,0,2023-05-08 21:52:36.170874,0
0,0,0,0,0,2023-05-08 21:52:37.170912,0
0,0,0,0,0,2023-05-08 21:52:38.171665,0
0,0,0,0,0,2023-05-08 21:52:39.172589,0
0,0,0,0,0,2023-05-08 21:52:41.174338,0
0,0,0,0,0,2023-05-08 21:52:42.175147,0
0,0,0,0,0,2023-05-08 21:52:43.175304,0
0,0,0,0,0,2023-05-08 21:52:44.175813,0
0,0,0,0,0,2023-05-08 21:52:45.176789,0
0,0,0,0,0,2023-05-08 21:52:48.177537,0
0,0,0,0,0,2023-05-08 21:52:49.178265,0
0,0,0,0,0,2023-05-08 21:52:50.178890,0
0,0,0,0,0,2023-05-08 21:52:53.180869,0
0,0,0,0,0,2023-05-08 21:52:54.181684,0
0,0,0,0,0,2023-05-08 21:52:55.182051,0
0,0,0,0,0,2023-05-08 21:52:56.182187,0
0,0,0,0,0,2023-05-08 21:52:57.182967,0
0,0,0,0,0,2023-05-08 21:52:58.183897,0
0,0,0,0,0,2023-05-08 21:52:59.184104,0
0,0,0,0,0,2023-05-08 21:53:00.184238,0
0,0,0,0,0,2023-05-08 21:53:01.184664,0
0,0,0,0,0,2023-05-08 21:53:02.185244,0
0,0,0,0,0,2023-05-08 21:53:03.185663,0
0,0,0,0,0,2023-05-08 21:53:04.186494,0
0,0,0,0,0,2023-05-08 21:53:05.187446,0
0,0,0,0,0,2023-05-08 21:53:06.187982,0
0,0,0,0,0,2023-05-08 21:53:07.188451,0
0,0,0,0,0,2023-05-08 21:53:08.189260,0
0,0,0,0,0,2023-05-08 21:53:09.189412,0
0,0,0,0,0,2023-05-08 21:53:10.189489,0
0,0,0,0,0,2023-05-08 21:53:11.189536,0
0,0,0,0,0,2023-05-08 21:53:12.189675,0
0,0,0,0,0,2023-05-08 21:53:13.189921,0
0,0,0,0,0,2023-05-08 21:53:14.190825,0
0,0,0,0,0,2023-05-08 21:53:15.191120,0
0,0,0,0,0,2023-05-08 21:53:17.192348,0
0,0,0,0,0,2023-05-08 21:53:18.192686,0
0,0,0,0,0,2023-05-08 21:53:20.193571,0
0,0,0,0,0,2023-05-08 21:53:22.195119,0
0,0,0,0,0,2023-05-08 21:53:23.195943,0
0,0,0,0,0,2023-05-08 21:53:24.196809,0
0,0,0,0,0,2023-05-08 21:53:25.197204,0
0,0,0,0,0,2023-05-08 21:53:26.197313,0
0,0,0,0,0,2023-05-08 21:53:27.197482,0
0,0,0,0,0,2023-05-08 21:53:28.197706,0
0,0,0,0,0,2023-05-08 21:53:29.198020,0
0,0,0,0,0,2023-05-08 21:53:30.198958,0
0,0,0,0,0,2023-05-08 21:53:31.199866,0
0,0,0,0,0,2023-05-08 21:53:32.200676,0
0,0,0,0,0,2023-05-08 21:53:33.201605,0
0,0,0,0,0,2023-05-08 21:53:34.202088,0
0,0,0,0,0,2023-05-08 21:53:35.202960,0
0,0,0,0,0,2023-05-08 21:53:37.204140,0
0,0,0,0,0,2023-05-08 21:53:38.204909,0
0,0,0,0,0,2023-05-08 21:53:39.205368,0
0,0,0,0,0,2023-05-08 21:53:40.205534,0
0,0,0,0,0,2023-05-08 21:53:41.206202,0
0,0,0,0,0,2023-05-08 21:53:42.206755,0
0,0,0,0,0,2023-05-08 21:53:43.206883,0
0,0,0,0,0,2023-05-08 21:53:44.207117,0
0,0,0,0,0,2023-05-08 21:53:47.208719,0
0,0,0,0,0,2023-05-08 21:53:48.209333,0
0,0,0,0,0,2023-05-08 21:53:49.210120,0
0,0,0,0,0,2023-05-08 21:53:50.210578,0
0,0,0,0,0,2023-05-08 21:53:51.211147,0
0,0,0,0,0,2023-05-08 21:53:52.211844,0
0,0,0,0,0,2023-05-08 21:53:53.212668,0
0,0,0,0,0,2023-05-08 21:53:54.213218,0
0,0,0,0,0,2023-05-08 21:53:55.214048,0
0,0,0,0,0,2023-05-08 21:53:56.214222,0
0,0,0,0,0,2023-05-08 21:53:57.214844,0
0,0,0,0,0,2023-05-08 21:53:58.215742,0
0,0,0,0,0,2023-05-08 21:53:59.216198,0
0,0,0,0,0,2023-05-08 21:54:00.216614,0
0,0,0,0,0,2023-05-08 21:54:01.217266,0
0,0,0,0,0,2023-05-08 21:54:02.217859,0
0,0,0,0,0,2023-05-08 21:54:03.218699,0
0,0,0,0,0,2023-05-08 21:54:04.218758,0
0,0,0,0,0,2023-05-08 21:54:06.219888,0
0,0,0,0,0,2023-05-08 21:54:07.219903,0
0,0,0,0,0,2023-05-08 21:54:08.220787,0
0,0,0,0,0,2023-05-08 21:54:09.221732,0
0,0,0,0,0,2023-05-08 21:54:10.222244,0
0,0,0,0,0,2023-05-08 21:54:11.222781,0
0,0,0,0,0,2023-05-08 21:54:12.223548,0
0,0,0,0,0,2023-05-08 21:54:13.223755,0
0,0,0,0,0,2023-05-08 21:54:14.224433,0
0,0,0,0,0,2023-05-08 21:54:15.224945,0
0,0,0,0,0,2023-05-08 21:54:16.225165,0
0,0,0,0,0,2023-05-08 21:54:17.225641,0
0,0,0,0,0,2023-05-08 21:54:18.226100,0
0,0,0,0,0,2023-05-08 21:54:20.226812,0
0,0,0,0,0,2023-05-08 21:54:21.227635,0
0,0,0,0,0,2023-05-08 21:54:22.228121,0
0,0,0,0,0,2023-05-08 21:54:23.228613,0
0,0,0,0,0,2023-05-08 21:54:24.229120,0
0,0,0,0,0,2023-05-08 21:54:25.229404,0
0,0,0,0,0,2023-05-08 21:54:26.230010,0
0,0,0,0,0,2023-05-08 21:54:27.230469,0
0,0,0,0,0,2023-05-08 21:54:28.231124,0
0,0,0,0,0,2023-05-08 21:54:29.231783,0
0,0,0,0,0,2023-05-08 21:54:30.232444,0
0,0,0,0,0,2023-05-08 21:54:31.232780,0
0,0,0,0,0,2023-05-08 21:54:32.233292,0
0,0,0,0,0,2023-05-08 21:54:33.234179,0
0,0,0,0,0,2023-05-08 21:54:34.234232,0
0,0,0,0,0,2023-05-08 21:54:35.234942,0
0,0,0,0,0,2023-05-08 21:54:36.235921,0
0,0,0,0,0,2023-05-08 21:54:37.236061,0
0,0,0,0,0,2023-05-08 21:54:41.238858,0
0,0,0,0,0,2023-05-08 21:54:43.239266,0
0,0,0,0,0,2023-05-08 21:54:44.239629,0
0,0,0,0,0,2023-05-08 21:54:45.239902,0
0,0,0,0,0,2023-05-08 21:54:47.241291,0
0,0,0,0,0,2023-05-08 21:54:49.242340,0
0,0,0,0,0,2023-05-08 21:54:50.242394,0
0,0,0,0,0,2023-05-08 21:54:52.243509,0
0,0,0,0,0,2023-05-08 21:54:53.243952,0
0,0,0,0,0,2023-05-08 21:54:54.244469,0
0,0,0,0,0,2023-05-08 21:54:55.244506,0
0,0,0,0,0,2023-05-08 21:54:56.245081,0
0,0,0,0,0,2023-05-08 21:54:58.246407,0
0,0,0,0,0,2023-05-08 21:54:59.247071,0
0,0,0,0,0,2023-05-08 21:55:00.247725,0
0,0,0,0,0,2023-05-08 21:55:02.248820,0
0,0,0,0,0,2023-05-08 21:55:05.250803,0
0,0,0,0,0,2023-05-08 21:55:06.251360,0
0,0,0,0,0,2023-05-08 21:55:07.252059,0
0,0,0,0,0,2023-05-08 21:55:09.253416,0
0,0,0,0,0,2023-05-08 21:55:10.253444,0
0,0,0,0,0,2023-05-08 21:55:11.253915,0
0,0,0,0,0,2023-05-08 21:55:12.254204,0
0,0,0,0,0,2023-05-08 21:55:13.254651,0
0,0,0,0,0,2023-05-08 21:55:15.254815,0
0,0,0,0,0,2023-05-08 21:55:16.254960,0
0,0,0,0,0,2023-05-08 21:55:17.255827,0
0,0,0,0,0,2023-05-08 21:55:19.256604,0
0,0,0,0,0,2023-05-08 21:55:20.256923,0
0,0,0,0,0,2023-05-08 21:55:21.257124,0
0,0,0,0,0,2023-05-08 21:55:22.257627,0
0,0,0,0,0,2023-05-08 21:55:23.257909,0
0,0,0,0,0,2023-05-08 21:55:24.258550,0
0,0,0,0,0,2023-05-08 21:55:25.259486,0
0,0,0,0,0,2023-05-08 21:55:26.260349,0
0,0,0,0,0,2023-05-08 21:55:28.261824,0
0,0,0,0,0,2023-05-08 21:55:29.262781,0
0,0,0,0,0,2023-05-08 21:55:30.263349,0
0,0,0,0,0,2023-05-08 21:55:31.263887,0
0,0,0,0,0,2023-05-08 21:55:33.264896,0
0,0,0,0,0,2023-05-08 21:55:34.265358,0
0,0,0,0,0,2023-05-08 21:55:35.265367,0
0,0,0,0,0,2023-05-08 21:55:37.266940,0
0,0,0,0,0,2023-05-08 21:55:38.267490,0
0,0,0,0,0,2023-05-08 21:55:39.267859,0
0,0,0,0,0,2023-05-08 21:55:40.268754,0
0,0,0,0,0,2023-05-08 21:55:44.271439,0
0,0,0,0,0,2023-05-08 21:55:45.272300,0
0,0,0,0,0,2023-05-08 21:55:46.273175,0
0,0,0,0,0,2023-05-08 21:55:47.273421,0
0,0,0,0,0,2023-05-08 21:55:48.273608,0
0,0,0,0,0,2023-05-08 21:55:49.273659,0
0,0,0,0,0,2023-05-08 21:55:50.273792,0
0,0,0,0,0,2023-05-08 21:55:51.274360,0
0,0,0,0,0,2023-05-08 21:55:52.274407,0
0,0,0,0,0,2023-05-08 21:55:53.275306,0
0,0,0,0,0,2023-05-08 21:55:54.276132,0
0,0,0,0,0,2023-05-08 21:55:55.276910,0
0,0,0,0,0,2023-05-08 21:56:00.279743,0
0,0,0,0,0,2023-05-08 21:56:02.281128,0
0,0,0,0,0,2023-05-08 21:56:03.281876,0
0,0,0,0,0,2023-05-08 21:56:04.282798,0
0,0,0,0,0,2023-05-08 21:56:05.283759,0
0,0,0,0,0,2023-05-08 21:56:06.284684,0
0,0,0,0,0,2023-05-08 21:56:07.285029,0
0,0,0,0,0,2023-05-08 21:56:08.285394,0
0,0,0,0,0,2023-05-08 21:56:09.285961,0
0,0,0,0,0,2023-05-08 21:56:10.286063,0
0,0,0,0,0,2023-05-08 21:56:11.286228,0
0,0,0,0,0,2023-05-08 21:56:12.286722,0
0,0,0,0,0,2023-05-08 21:56:13.286998,0
0,0,0,0,0,2023-05-08 21:56:14.287799,0
0,0,0,0,0,2023-05-08 21:56:15.287831,0
0,0,0,0,0,2023-05-08 21:56:16.288442,0
0,0,0,0,0,2023-05-08 21:56:17.288766,0
0,0,0,0,0,2023-05-08 21:56:18.289222,0
0,0,0,0,0,2023-05-08 21:56:19.289288,0
0,0,0,0,0,2023-05-08 21:56:20.290016,0
0,0,0,0,0,2023-05-08 21:56:21.290327,0
0,0,0,0,0,2023-05-08 21:56:22.290628,0
0,0,0,0,0,2023-05-08 21:56:23.290773,0
0,0,0,0,0,2023-05-08 21:56:24.291068,0
0,0,0,0,0,2023-05-08 21:56:25.291557,0
0,0,0,0,0,2023-05-08 21:56:26.292372,0
0,0,0,0,0,2023-05-08 21:56:27.293158,0
0,0,0,0,0,2023-05-08 21:56:28.293375,0
0,0,0,0,0,2023-05-08 21:56:29.293946,0
0,0,0,0,0,2023-05-08 21:56:30.294062,0
0,0,0,0,0,2023-05-08 21:56:31.294909,0
0,0,0,0,0,2023-05-08 21:56:35.397676,0
0,0,0,0,0,2023-05-08 21:56:36.397761,0
0,0,0,0,0,2023-05-08 21:56:37.398183,0
0,0,0,0,0,2023-05-08 21:56:38.398466,0
0,0,0,0,0,2023-05-08 21:56:39.399125,0
0,0,0,0,0,2023-05-08 21:56:41.399466,0
0,0,0,0,0,2023-05-08 21:56:42.400090,0
0,0,0,0,0,2023-05-08 21:56:43.401071,0
0,0,0,0,0,2023-05-08 21:56:44.401990,0
0,0,0,0,0,2023-05-08 21:56:45.402044,0
0,0,0,0,0,2023-05-08 21:56:46.402752,0
0,0,0,0,0,2023-05-08 21:56:47.402984,0
0,0,0,0,0,2023-05-08 21:56:48.403058,0
0,0,0,0,0,2023-05-08 21:56:49.403463,0
0,0,0,0,0,2023-05-08 21:56:50.403635,0
0,0,0,0,0,2023-05-08 21:56:51.404627,0
0,0,0,0,0,2023-05-08 21:56:52.404833,0
0,0,0,0,0,2023-05-08 21:56:53.405188,0
0,0,0,0,0,2023-05-08 21:56:54.405674,0
0,0,0,0,0,2023-05-08 21:56:55.406044,0
0,0,0,0,0,2023-05-08 21:56:56.406749,0
0,0,0,0,0,2023-05-08 21:56:57.407094,0
0,0,0,0,0,2023-05-08 21:56:58.407812,0
0,0,0,0,0,2023-05-08 21:56:59.407828,0
0,0,0,0,0,2023-05-08 21:57:01.408741,0
0,0,0,0,0,2023-05-08 21:57:02.408856,0
0,0,0,0,0,2023-05-08 21:57:03.408974,0
0,0,0,0,0,2023-05-08 21:57:05.409594,0
0,0,0,0,0,2023-05-08 21:57:06.409826,0
0,0,0,0,0,2023-05-08 21:57:07.410824,0
0,0,0,0,0,2023-05-08 21:57:08.411720,0
0,0,0,0,0,2023-05-08 21:57:09.412504,0
0,0,0,0,0,2023-05-08 21:57:11.413527,0
0,0,0,0,0,2023-05-08 21:57:12.413794,0
0,0,0,0,0,2023-05-08 21:57:13.413941,0
0,0,0,0,0,2023-05-08 21:57:14.414690,0
0,0,0,0,0,2023-05-08 21:57:15.415699,0
0,0,0,0,0,2023-05-08 21:57:16.416518,0
0,0,0,0,0,2023-05-08 21:57:18.417540,0
0,0,0,0,0,2023-05-08 21:57:19.417811,0
0,0,0,0,0,2023-05-08 21:57:20.418468,0
0,0,0,0,0,2023-05-08 21:57:21.418786,0
0,0,0,0,0,2023-05-08 21:57:22.418961,0
